%YAML 1.1
%TAG !u! tag:unity3d.com,2011:
--- !u!1 &100000
GameObject:
  m_ObjectHideFlags: 1
  m_PrefabParentObject: {fileID: 0}
  m_PrefabInternal: {fileID: 100100000}
  serializedVersion: 4
  m_Component:
  - 4: {fileID: 400002}
  - 33: {fileID: 3300002}
  - 23: {fileID: 2300002}
  - 114: {fileID: 11400006}
  m_Layer: 14
  m_Name: SM_Sicherungskasten
  m_TagString: Untagged
  m_Icon: {fileID: 0}
  m_NavMeshLayer: 0
  m_StaticEditorFlags: 0
  m_IsActive: 1
--- !u!1 &100002
GameObject:
  m_ObjectHideFlags: 1
  m_PrefabParentObject: {fileID: 0}
  m_PrefabInternal: {fileID: 100100000}
  serializedVersion: 4
  m_Component:
  - 4: {fileID: 400000}
  - 33: {fileID: 3300000}
  - 23: {fileID: 2300000}
  - 114: {fileID: 11400008}
  m_Layer: 14
  m_Name: BM_Sicherungskasten_Deckel
  m_TagString: Untagged
  m_Icon: {fileID: 0}
  m_NavMeshLayer: 0
  m_StaticEditorFlags: 0
  m_IsActive: 1
--- !u!1 &100004
GameObject:
  m_ObjectHideFlags: 0
  m_PrefabParentObject: {fileID: 0}
  m_PrefabInternal: {fileID: 100100000}
  serializedVersion: 4
  m_Component:
  - 4: {fileID: 400004}
  - 95: {fileID: 9500000}
  - 114: {fileID: 11400000}
  - 65: {fileID: 6500000}
  - 114: {fileID: 11400010}
  m_Layer: 0
  m_Name: Sicherungskasten
  m_TagString: Item
  m_Icon: {fileID: 0}
  m_NavMeshLayer: 0
  m_StaticEditorFlags: 0
  m_IsActive: 1
--- !u!1 &100006
GameObject:
  m_ObjectHideFlags: 0
  m_PrefabParentObject: {fileID: 0}
  m_PrefabInternal: {fileID: 100100000}
  serializedVersion: 4
  m_Component:
  - 4: {fileID: 400006}
  - 33: {fileID: 3300004}
  - 23: {fileID: 2300004}
  - 64: {fileID: 6400002}
  m_Layer: 2
  m_Name: BM_Sicherungskasten_Deckel
  m_TagString: Untagged
  m_Icon: {fileID: 0}
  m_NavMeshLayer: 0
  m_StaticEditorFlags: 0
  m_IsActive: 1
--- !u!1 &100008
GameObject:
  m_ObjectHideFlags: 0
  m_PrefabParentObject: {fileID: 0}
  m_PrefabInternal: {fileID: 100100000}
  serializedVersion: 4
  m_Component:
  - 4: {fileID: 400008}
  - 33: {fileID: 3300006}
  - 23: {fileID: 2300006}
  - 64: {fileID: 6400000}
  m_Layer: 2
  m_Name: SM_Sicherungskasten
  m_TagString: Untagged
  m_Icon: {fileID: 0}
  m_NavMeshLayer: 0
  m_StaticEditorFlags: 0
  m_IsActive: 1
--- !u!1 &100010
GameObject:
  m_ObjectHideFlags: 0
  m_PrefabParentObject: {fileID: 0}
  m_PrefabInternal: {fileID: 100100000}
  serializedVersion: 4
  m_Component:
  - 4: {fileID: 400010}
  - 114: {fileID: 11400002}
  - 120: {fileID: 12000000}
  m_Layer: 14
  m_Name: Label
  m_TagString: Untagged
  m_Icon: {fileID: 0}
  m_NavMeshLayer: 0
  m_StaticEditorFlags: 0
  m_IsActive: 1
--- !u!1 &100012
GameObject:
  m_ObjectHideFlags: 1
  m_PrefabParentObject: {fileID: 0}
  m_PrefabInternal: {fileID: 100100000}
  serializedVersion: 4
  m_Component:
  - 4: {fileID: 400012}
  - 23: {fileID: 2300008}
  - 102: {fileID: 10200000}
  - 114: {fileID: 11400004}
  m_Layer: 14
  m_Name: TextMeshStatus
  m_TagString: Untagged
  m_Icon: {fileID: 0}
  m_NavMeshLayer: 0
  m_StaticEditorFlags: 0
  m_IsActive: 1
--- !u!1 &100014
GameObject:
  m_ObjectHideFlags: 1
  m_PrefabParentObject: {fileID: 0}
  m_PrefabInternal: {fileID: 100100000}
  serializedVersion: 4
  m_Component:
  - 4: {fileID: 400014}
  - 23: {fileID: 2300010}
  - 102: {fileID: 10200002}
  m_Layer: 14
  m_Name: TextMeshHead
  m_TagString: Untagged
  m_Icon: {fileID: 0}
  m_NavMeshLayer: 0
  m_StaticEditorFlags: 0
  m_IsActive: 1
--- !u!4 &400000
Transform:
  m_ObjectHideFlags: 1
  m_PrefabParentObject: {fileID: 0}
  m_PrefabInternal: {fileID: 100100000}
  m_GameObject: {fileID: 100002}
  m_LocalRotation: {x: 0, y: 0, z: 0, w: 1}
  m_LocalPosition: {x: 0, y: -.00999999978, z: 0}
  m_LocalScale: {x: 1, y: 1, z: 1}
  m_Children: []
  m_Father: {fileID: 400006}
  m_RootOrder: 0
--- !u!4 &400002
Transform:
  m_ObjectHideFlags: 1
  m_PrefabParentObject: {fileID: 0}
  m_PrefabInternal: {fileID: 100100000}
  m_GameObject: {fileID: 100000}
  m_LocalRotation: {x: 0, y: 0, z: 0, w: 1}
  m_LocalPosition: {x: 0, y: -.00999999978, z: 0}
  m_LocalScale: {x: 1, y: 1, z: 1}
  m_Children: []
  m_Father: {fileID: 400008}
  m_RootOrder: 0
--- !u!4 &400004
Transform:
  m_ObjectHideFlags: 1
  m_PrefabParentObject: {fileID: 0}
  m_PrefabInternal: {fileID: 100100000}
  m_GameObject: {fileID: 100004}
  m_LocalRotation: {x: 0, y: .707106829, z: 0, w: .707106829}
  m_LocalPosition: {x: -4.90777493, y: -.187771797, z: -5.6435318}
  m_LocalScale: {x: 1, y: 1, z: 1}
  m_Children:
  - {fileID: 400006}
  - {fileID: 400008}
  - {fileID: 400010}
  m_Father: {fileID: 0}
  m_RootOrder: 0
--- !u!4 &400006
Transform:
  m_ObjectHideFlags: 1
  m_PrefabParentObject: {fileID: 0}
  m_PrefabInternal: {fileID: 100100000}
  m_GameObject: {fileID: 100006}
  m_LocalRotation: {x: -.707106829, y: 0, z: -0, w: .707106829}
  m_LocalPosition: {x: -.17823793, y: -.196455002, z: -2.12476152e-08}
  m_LocalScale: {x: 1, y: 1, z: 1}
  m_Children:
  - {fileID: 400000}
  m_Father: {fileID: 400004}
  m_RootOrder: 0
--- !u!4 &400008
Transform:
  m_ObjectHideFlags: 1
  m_PrefabParentObject: {fileID: 0}
  m_PrefabInternal: {fileID: 100100000}
  m_GameObject: {fileID: 100008}
  m_LocalRotation: {x: -.707106829, y: 0, z: -0, w: .707106829}
  m_LocalPosition: {x: -.17823793, y: -.196455002, z: -2.12476152e-08}
  m_LocalScale: {x: 1, y: 1, z: 1}
  m_Children:
  - {fileID: 400002}
  m_Father: {fileID: 400004}
  m_RootOrder: 1
--- !u!4 &400010
Transform:
  m_ObjectHideFlags: 1
  m_PrefabParentObject: {fileID: 0}
  m_PrefabInternal: {fileID: 100100000}
  m_GameObject: {fileID: 100010}
  m_LocalRotation: {x: 0, y: 0, z: 0, w: 1}
  m_LocalPosition: {x: 0, y: 0, z: 0}
  m_LocalScale: {x: .119999968, y: .150000006, z: .119999968}
  m_Children:
  - {fileID: 400014}
  - {fileID: 400012}
  m_Father: {fileID: 400004}
  m_RootOrder: 2
--- !u!4 &400012
Transform:
  m_ObjectHideFlags: 1
  m_PrefabParentObject: {fileID: 0}
  m_PrefabInternal: {fileID: 100100000}
  m_GameObject: {fileID: 100012}
  m_LocalRotation: {x: 0, y: 0, z: 0, w: 1}
  m_LocalPosition: {x: 0, y: -0, z: 0}
  m_LocalScale: {x: 1, y: 1, z: 1}
  m_Children: []
  m_Father: {fileID: 400010}
  m_RootOrder: 1
--- !u!4 &400014
Transform:
  m_ObjectHideFlags: 1
  m_PrefabParentObject: {fileID: 0}
  m_PrefabInternal: {fileID: 100100000}
  m_GameObject: {fileID: 100014}
  m_LocalRotation: {x: 0, y: 0, z: 0, w: 1}
  m_LocalPosition: {x: 0, y: 0, z: 0}
  m_LocalScale: {x: 1, y: 1, z: 1}
  m_Children: []
  m_Father: {fileID: 400010}
  m_RootOrder: 0
--- !u!23 &2300000
MeshRenderer:
  m_ObjectHideFlags: 1
  m_PrefabParentObject: {fileID: 0}
  m_PrefabInternal: {fileID: 100100000}
  m_GameObject: {fileID: 100002}
  m_Enabled: 1
  m_CastShadows: 0
  m_ReceiveShadows: 0
  m_Materials:
  - {fileID: 2100000, guid: a89293d7e7a2a2d4eb7b92a58725cdde, type: 2}
  m_SubsetIndices: 
  m_StaticBatchRoot: {fileID: 0}
  m_UseLightProbes: 0
  m_ReflectionProbeUsage: 1
  m_ProbeAnchor: {fileID: 0}
  m_ScaleInLightmap: 1
  m_PreserveUVs: 0
  m_ImportantGI: 0
  m_AutoUVMaxDistance: .5
  m_AutoUVMaxAngle: 89
  m_LightmapParameters: {fileID: 0}
  m_SortingLayerID: 0
  m_SortingOrder: 0
--- !u!23 &2300002
MeshRenderer:
  m_ObjectHideFlags: 1
  m_PrefabParentObject: {fileID: 0}
  m_PrefabInternal: {fileID: 100100000}
  m_GameObject: {fileID: 100000}
  m_Enabled: 1
  m_CastShadows: 0
  m_ReceiveShadows: 0
  m_Materials:
  - {fileID: 2100000, guid: a89293d7e7a2a2d4eb7b92a58725cdde, type: 2}
  m_SubsetIndices: 
  m_StaticBatchRoot: {fileID: 0}
  m_UseLightProbes: 0
  m_ReflectionProbeUsage: 1
  m_ProbeAnchor: {fileID: 0}
  m_ScaleInLightmap: 1
  m_PreserveUVs: 0
  m_ImportantGI: 0
  m_AutoUVMaxDistance: .5
  m_AutoUVMaxAngle: 89
  m_LightmapParameters: {fileID: 0}
  m_SortingLayerID: 0
  m_SortingOrder: 0
--- !u!23 &2300004
MeshRenderer:
  m_ObjectHideFlags: 1
  m_PrefabParentObject: {fileID: 0}
  m_PrefabInternal: {fileID: 100100000}
  m_GameObject: {fileID: 100006}
  m_Enabled: 1
  m_CastShadows: 1
  m_ReceiveShadows: 1
  m_Materials:
  - {fileID: 2100000, guid: b9e3b6d8366d8ba4b9a422dcb917e2ec, type: 2}
  m_SubsetIndices: 
  m_StaticBatchRoot: {fileID: 0}
  m_UseLightProbes: 0
  m_ReflectionProbeUsage: 1
  m_ProbeAnchor: {fileID: 0}
  m_ScaleInLightmap: 1
  m_PreserveUVs: 0
  m_ImportantGI: 0
  m_AutoUVMaxDistance: .5
  m_AutoUVMaxAngle: 89
  m_LightmapParameters: {fileID: 0}
  m_SortingLayerID: 0
  m_SortingOrder: 0
--- !u!23 &2300006
MeshRenderer:
  m_ObjectHideFlags: 1
  m_PrefabParentObject: {fileID: 0}
  m_PrefabInternal: {fileID: 100100000}
  m_GameObject: {fileID: 100008}
  m_Enabled: 1
  m_CastShadows: 1
  m_ReceiveShadows: 1
  m_Materials:
  - {fileID: 2100000, guid: b9e3b6d8366d8ba4b9a422dcb917e2ec, type: 2}
  m_SubsetIndices: 
  m_StaticBatchRoot: {fileID: 0}
  m_UseLightProbes: 0
  m_ReflectionProbeUsage: 1
  m_ProbeAnchor: {fileID: 0}
  m_ScaleInLightmap: 1
  m_PreserveUVs: 0
  m_ImportantGI: 0
  m_AutoUVMaxDistance: .5
  m_AutoUVMaxAngle: 89
  m_LightmapParameters: {fileID: 0}
  m_SortingLayerID: 0
  m_SortingOrder: 0
--- !u!23 &2300008
MeshRenderer:
  m_ObjectHideFlags: 1
  m_PrefabParentObject: {fileID: 0}
  m_PrefabInternal: {fileID: 100100000}
  m_GameObject: {fileID: 100012}
  m_Enabled: 1
  m_CastShadows: 1
  m_ReceiveShadows: 1
  m_Materials:
  - {fileID: 2100000, guid: 78ed2dd7cb54b9445a2473c8e3201b2e, type: 3}
  m_SubsetIndices: 
  m_StaticBatchRoot: {fileID: 0}
  m_UseLightProbes: 0
  m_ReflectionProbeUsage: 1
  m_ProbeAnchor: {fileID: 0}
  m_ScaleInLightmap: 1
  m_PreserveUVs: 0
  m_ImportantGI: 0
  m_AutoUVMaxDistance: .5
  m_AutoUVMaxAngle: 89
  m_LightmapParameters: {fileID: 0}
  m_SortingLayerID: 0
  m_SortingOrder: 0
--- !u!23 &2300010
MeshRenderer:
  m_ObjectHideFlags: 1
  m_PrefabParentObject: {fileID: 0}
  m_PrefabInternal: {fileID: 100100000}
  m_GameObject: {fileID: 100014}
  m_Enabled: 1
  m_CastShadows: 1
  m_ReceiveShadows: 1
  m_Materials:
  - {fileID: 2100000, guid: 78ed2dd7cb54b9445a2473c8e3201b2e, type: 3}
  m_SubsetIndices: 
  m_StaticBatchRoot: {fileID: 0}
  m_UseLightProbes: 0
  m_ReflectionProbeUsage: 1
  m_ProbeAnchor: {fileID: 0}
  m_ScaleInLightmap: 1
  m_PreserveUVs: 0
  m_ImportantGI: 0
  m_AutoUVMaxDistance: .5
  m_AutoUVMaxAngle: 89
  m_LightmapParameters: {fileID: 0}
  m_SortingLayerID: 0
  m_SortingOrder: 0
--- !u!33 &3300000
MeshFilter:
  m_ObjectHideFlags: 1
  m_PrefabParentObject: {fileID: 0}
  m_PrefabInternal: {fileID: 100100000}
  m_GameObject: {fileID: 100002}
  m_Mesh: {fileID: 4300002, guid: fc36b37103faac14ebd6458f067c44ee, type: 3}
--- !u!33 &3300002
MeshFilter:
  m_ObjectHideFlags: 1
  m_PrefabParentObject: {fileID: 0}
  m_PrefabInternal: {fileID: 100100000}
  m_GameObject: {fileID: 100000}
  m_Mesh: {fileID: 4300000, guid: fc36b37103faac14ebd6458f067c44ee, type: 3}
--- !u!33 &3300004
MeshFilter:
  m_ObjectHideFlags: 1
  m_PrefabParentObject: {fileID: 0}
  m_PrefabInternal: {fileID: 100100000}
  m_GameObject: {fileID: 100006}
  m_Mesh: {fileID: 4300002, guid: fc36b37103faac14ebd6458f067c44ee, type: 3}
--- !u!33 &3300006
MeshFilter:
  m_ObjectHideFlags: 1
  m_PrefabParentObject: {fileID: 0}
  m_PrefabInternal: {fileID: 100100000}
  m_GameObject: {fileID: 100008}
  m_Mesh: {fileID: 4300000, guid: fc36b37103faac14ebd6458f067c44ee, type: 3}
--- !u!64 &6400000
MeshCollider:
  m_ObjectHideFlags: 1
  m_PrefabParentObject: {fileID: 0}
  m_PrefabInternal: {fileID: 100100000}
  m_GameObject: {fileID: 100008}
  m_Material: {fileID: 0}
  m_IsTrigger: 0
  m_Enabled: 1
  serializedVersion: 2
  m_Convex: 0
  m_Mesh: {fileID: 4300000, guid: fc36b37103faac14ebd6458f067c44ee, type: 3}
--- !u!64 &6400002
MeshCollider:
  m_ObjectHideFlags: 1
  m_PrefabParentObject: {fileID: 0}
  m_PrefabInternal: {fileID: 100100000}
  m_GameObject: {fileID: 100006}
  m_Material: {fileID: 0}
  m_IsTrigger: 0
  m_Enabled: 1
  serializedVersion: 2
  m_Convex: 0
  m_Mesh: {fileID: 4300002, guid: fc36b37103faac14ebd6458f067c44ee, type: 3}
--- !u!65 &6500000
BoxCollider:
  m_ObjectHideFlags: 1
  m_PrefabParentObject: {fileID: 0}
  m_PrefabInternal: {fileID: 100100000}
  m_GameObject: {fileID: 100004}
  m_Material: {fileID: 0}
  m_IsTrigger: 0
  m_Enabled: 1
  serializedVersion: 2
  m_Size: {x: .100000001, y: .100000001, z: .100000001}
  m_Center: {x: 0, y: 0, z: 0}
--- !u!95 &9500000
Animator:
  serializedVersion: 3
  m_ObjectHideFlags: 1
  m_PrefabParentObject: {fileID: 0}
  m_PrefabInternal: {fileID: 100100000}
  m_GameObject: {fileID: 100004}
  m_Enabled: 1
  m_Avatar: {fileID: 9000000, guid: fc36b37103faac14ebd6458f067c44ee, type: 3}
  m_Controller: {fileID: 0}
  m_CullingMode: 0
  m_UpdateMode: 0
  m_ApplyRootMotion: 1
  m_LinearVelocityBlending: 0
  m_WarningMessage: 
  m_HasTransformHierarchy: 1
  m_AllowConstantClipSamplingOptimization: 1
--- !u!102 &10200000
TextMesh:
  serializedVersion: 3
  m_ObjectHideFlags: 1
  m_PrefabParentObject: {fileID: 0}
  m_PrefabInternal: {fileID: 100100000}
  m_GameObject: {fileID: 100012}
  m_Text: off
  m_OffsetZ: 0
  m_CharacterSize: .300000012
  m_LineSpacing: 0
  m_Anchor: 4
  m_Alignment: 1
  m_TabSize: 4
  m_FontSize: 0
  m_FontStyle: 0
  m_RichText: 1
  m_Font: {fileID: 12800000, guid: 78ed2dd7cb54b9445a2473c8e3201b2e, type: 3}
  m_Color:
    serializedVersion: 2
    rgba: 4278190335
--- !u!102 &10200002
TextMesh:
  serializedVersion: 3
  m_ObjectHideFlags: 1
  m_PrefabParentObject: {fileID: 0}
  m_PrefabInternal: {fileID: 100100000}
  m_GameObject: {fileID: 100014}
  m_Text: fuse box
  m_OffsetZ: 0
  m_CharacterSize: .300000012
  m_LineSpacing: 2
  m_Anchor: 7
  m_Alignment: 1
  m_TabSize: 4
  m_FontSize: 0
  m_FontStyle: 0
  m_RichText: 1
  m_Font: {fileID: 12800000, guid: 78ed2dd7cb54b9445a2473c8e3201b2e, type: 3}
  m_Color:
    serializedVersion: 2
    rgba: 4294967295
--- !u!114 &11400000
MonoBehaviour:
  m_ObjectHideFlags: 1
  m_PrefabParentObject: {fileID: 0}
  m_PrefabInternal: {fileID: 100100000}
  m_GameObject: {fileID: 100004}
  m_Enabled: 1
  m_EditorHideFlags: 0
  m_Script: {fileID: 11500000, guid: 697a4b2743dd7c7418a5ddbfe9da818d, type: 3}
  m_Name: 
  m_EditorClassIdentifier: 
  objectsToTrigger:
  - {fileID: 0}
  - {fileID: 0}
  objectsToActivate:
  - {fileID: 0}
  debug_objectsToCut: []
  toggleRoomLights:
  - {fileID: 0}
  - {fileID: 0}
  _pressed: 0
  toggleable: 0
--- !u!114 &11400002
MonoBehaviour:
  m_ObjectHideFlags: 1
  m_PrefabParentObject: {fileID: 0}
  m_PrefabInternal: {fileID: 100100000}
  m_GameObject: {fileID: 100010}
  m_Enabled: 1
  m_EditorHideFlags: 0
  m_Script: {fileID: 11500000, guid: f02d9da81899e184e9b32107cc74dc5e, type: 3}
  m_Name: 
  m_EditorClassIdentifier: 
  activated: 0
  show: 1
  minDistanceToPlayer: 4
  height: .300000012
  lineGap: .0599999987
  line: {fileID: 0}
  startLocalScale: {x: 0, y: 0, z: 0}
--- !u!114 &11400004
MonoBehaviour:
  m_ObjectHideFlags: 1
  m_PrefabParentObject: {fileID: 0}
  m_PrefabInternal: {fileID: 100100000}
  m_GameObject: {fileID: 100012}
  m_Enabled: 1
  m_EditorHideFlags: 0
  m_Script: {fileID: 11500000, guid: 59cffab6ec500834eaf1ee86ca521e0c, type: 3}
  m_Name: 
  m_EditorClassIdentifier: 
  master: {fileID: 0}
  textMesh: {fileID: 0}
  textColor: {r: 1, g: 1, b: 1, a: 1}
--- !u!114 &11400006
MonoBehaviour:
  m_ObjectHideFlags: 1
  m_PrefabParentObject: {fileID: 0}
  m_PrefabInternal: {fileID: 100100000}
  m_GameObject: {fileID: 100000}
  m_Enabled: 1
  m_EditorHideFlags: 0
  m_Script: {fileID: 11500000, guid: 43f4d73506e424b4cad89aba5f5a09d3, type: 3}
  m_Name: 
  m_EditorClassIdentifier: 
  spawnObject: 0
  spawnedRenderer: {fileID: 0}
--- !u!114 &11400008
MonoBehaviour:
  m_ObjectHideFlags: 1
  m_PrefabParentObject: {fileID: 0}
  m_PrefabInternal: {fileID: 100100000}
  m_GameObject: {fileID: 100002}
  m_Enabled: 1
  m_EditorHideFlags: 0
  m_Script: {fileID: 11500000, guid: 43f4d73506e424b4cad89aba5f5a09d3, type: 3}
  m_Name: 
  m_EditorClassIdentifier: 
  spawnObject: 0
  spawnedRenderer: {fileID: 0}
--- !u!114 &11400010
MonoBehaviour:
  m_ObjectHideFlags: 1
  m_PrefabParentObject: {fileID: 0}
  m_PrefabInternal: {fileID: 100100000}
  m_GameObject: {fileID: 100004}
  m_Enabled: 1
  m_EditorHideFlags: 0
  m_Script: {fileID: 11500000, guid: b5007545449ae024b8d5fe6f3c75b5c7, type: 3}
  m_Name: 
  m_EditorClassIdentifier: 
  triggerOnce: 0
  triggered: 0
  svFeatures: []
  label: {fileID: 0}
  visibilityRayStart: {fileID: 0}
  _svActive: 0
  _playerClose: 0
  _visible: 0
  _show: 1
  _enabled: 0
--- !u!120 &12000000
LineRenderer:
  m_ObjectHideFlags: 1
  m_PrefabParentObject: {fileID: 0}
  m_PrefabInternal: {fileID: 100100000}
  m_GameObject: {fileID: 100010}
  m_Enabled: 1
  m_CastShadows: 1
  m_ReceiveShadows: 1
  m_Materials:
  - {fileID: 2100000, guid: cb648531a855abe449cce4f05baba2e1, type: 2}
  m_SubsetIndices: 
  m_StaticBatchRoot: {fileID: 0}
  m_UseLightProbes: 0
  m_ReflectionProbeUsage: 1
  m_ProbeAnchor: {fileID: 0}
  m_ScaleInLightmap: 1
  m_PreserveUVs: 0
  m_ImportantGI: 0
  m_AutoUVMaxDistance: .5
  m_AutoUVMaxAngle: 89
  m_LightmapParameters: {fileID: 0}
  m_SortingLayerID: 0
  m_SortingOrder: 0
  m_Positions:
  - {x: 0, y: 0, z: 0}
  - {x: 0, y: -1, z: 1}
  m_Parameters:
    startWidth: .00999999978
    endWidth: .00999999978
    m_StartColor:
      serializedVersion: 2
      rgba: 4294967295
    m_EndColor:
      serializedVersion: 2
      rgba: 4294967295
  m_UseWorldSpace: 1
--- !u!1001 &100100000
Prefab:
  m_ObjectHideFlags: 1
  serializedVersion: 2
  m_Modification:
    m_TransformParent: {fileID: 0}
    m_Modifications: []
    m_RemovedComponents: []
  m_ParentPrefab: {fileID: 0}
  m_RootGameObject: {fileID: 100004}
  m_IsPrefabParent: 1
