%YAML 1.1
%TAG !u! tag:unity3d.com,2011:
--- !u!1 &152922
GameObject:
  m_ObjectHideFlags: 0
  m_PrefabParentObject: {fileID: 0}
  m_PrefabInternal: {fileID: 100100000}
  serializedVersion: 4
  m_Component:
  - 4: {fileID: 448218}
  - 33: {fileID: 3342804}
  - 23: {fileID: 2315632}
  - 114: {fileID: 11464512}
  m_Layer: 0
  m_Name: GraphPoint
  m_TagString: NavMeshGraphPoint
  m_Icon: {fileID: 0}
  m_NavMeshLayer: 0
  m_StaticEditorFlags: 0
  m_IsActive: 1
--- !u!4 &448218
Transform:
  m_ObjectHideFlags: 1
  m_PrefabParentObject: {fileID: 0}
  m_PrefabInternal: {fileID: 100100000}
  m_GameObject: {fileID: 152922}
  m_LocalRotation: {x: 0, y: 0, z: 0, w: 1}
  m_LocalPosition: {x: 5.55605268, y: .173810408, z: .00993311405}
  m_LocalScale: {x: .200000003, y: .200000003, z: .200000003}
  m_Children: []
  m_Father: {fileID: 0}
  m_RootOrder: 0
--- !u!23 &2315632
MeshRenderer:
  m_ObjectHideFlags: 1
  m_PrefabParentObject: {fileID: 0}
  m_PrefabInternal: {fileID: 100100000}
  m_GameObject: {fileID: 152922}
  m_Enabled: 1
  m_CastShadows: 1
  m_ReceiveShadows: 1
  m_Materials:
  - {fileID: 2100000, guid: f9f981a77f0a10449a5e4cc340bf67f2, type: 2}
  m_SubsetIndices: 
  m_StaticBatchRoot: {fileID: 0}
  m_UseLightProbes: 1
  m_ReflectionProbeUsage: 1
  m_ProbeAnchor: {fileID: 0}
  m_ScaleInLightmap: 1
  m_PreserveUVs: 1
  m_ImportantGI: 0
  m_AutoUVMaxDistance: .5
  m_AutoUVMaxAngle: 89
  m_LightmapParameters: {fileID: 0}
  m_SortingLayerID: 0
  m_SortingOrder: 0
--- !u!33 &3342804
MeshFilter:
  m_ObjectHideFlags: 1
  m_PrefabParentObject: {fileID: 0}
  m_PrefabInternal: {fileID: 100100000}
  m_GameObject: {fileID: 152922}
  m_Mesh: {fileID: 10207, guid: 0000000000000000e000000000000000, type: 0}
--- !u!114 &11464512
MonoBehaviour:
  m_ObjectHideFlags: 1
  m_PrefabParentObject: {fileID: 0}
  m_PrefabInternal: {fileID: 100100000}
  m_GameObject: {fileID: 152922}
  m_Enabled: 1
  m_EditorHideFlags: 0
  m_Script: {fileID: 11500000, guid: 2292920ae28c34845b7ea6dc92085833, type: 3}
  m_Name: 
  m_EditorClassIdentifier: 
  NavPoint:
    ID: 0
    ConnectedNodes: 
    CurrentStatus: 0
    GlobalPosition: {x: 0, y: 0, z: 0}
    SectionID: 0
    AutoGenerated: 0
    OffLinkIds: 
    Heuristic: 0
    TotalCost: 0
    EstimatedTotalCost: 0
    ReachedById: 0
  NavSection:
    ID: -1
    ConnectedNodes: 
    CurrentStatus: 0
    NavPlane:
      Id: 0
      ContainedPlaneIdList: 
      GlobalCenter: {x: 0, y: 0, z: 0}
      ExtentU: {x: 0, y: 0, z: 0}
      ExtentV: {x: 0, y: 0, z: 0}
      Normal: {x: 0, y: 0, z: 0}
    OffMeshLinkIDs: 
    Heuristic: 0
    EstimatedTotalCost: 0
    TotalCost: 0
    StartPos: {x: 0, y: 0, z: 0}
    NavLinkToTake:
      Node1:
        ID: 0
        ConnectedNodes: 
        CurrentStatus: 0
        GlobalPosition: {x: 0, y: 0, z: 0}
        SectionID: 0
        AutoGenerated: 0
        OffLinkIds: 
        Heuristic: 0
        TotalCost: 0
        EstimatedTotalCost: 0
        ReachedById: 0
      Node2:
        ID: 0
        ConnectedNodes: 
        CurrentStatus: 0
        GlobalPosition: {x: 0, y: 0, z: 0}
        SectionID: 0
        AutoGenerated: 0
        OffLinkIds: 
        Heuristic: 0
        TotalCost: 0
        EstimatedTotalCost: 0
        ReachedById: 0
      Node1SectionID: 0
      Node2SectionID: 0
      Path:
        ControlPoints:
        - {x: 0, y: 0, z: 0}
        - {x: 0, y: 0, z: 0}
        Type: 0
        EditorRenderPoints: []
      LinkID: -1
  OffLinkIds: 
--- !u!1001 &100100000
Prefab:
  m_ObjectHideFlags: 1
  serializedVersion: 2
  m_Modification:
    m_TransformParent: {fileID: 0}
    m_Modifications:
    - target: {fileID: 0}
      propertyPath: NavPoint.ConnectedNodes.Array.size
      value: 0
      objectReference: {fileID: 0}
    - target: {fileID: 0}
      propertyPath: NavSection.OffMeshLinkIDs.Array.size
      value: 0
      objectReference: {fileID: 0}
    - target: {fileID: 0}
      propertyPath: NavSection.ConnectedSectionIDList.Array.size
      value: 0
      objectReference: {fileID: 0}
    - target: {fileID: 0}
      propertyPath: NavSection.NavPlane.ContainedPlaneList.Array.size
      value: 0
      objectReference: {fileID: 0}
    - target: {fileID: 0}
      propertyPath: NavSection.ConnectedSectionIDList.Array.data[0]
      value: 1
      objectReference: {fileID: 0}
    - target: {fileID: 0}
      propertyPath: NavSection.ConnectedSectionIDList.Array.data[1]
      value: 1
      objectReference: {fileID: 0}
    - target: {fileID: 0}
      propertyPath: NavSection.NavPlane.ContainedPlaneList.Array.data[0].GlobalCenter.x
      value: -5.05539322
      objectReference: {fileID: 0}
    - target: {fileID: 0}
      propertyPath: NavSection.NavPlane.ContainedPlaneList.Array.data[0].GlobalCenter.z
      value: -1.94183731
      objectReference: {fileID: 0}
    - target: {fileID: 0}
      propertyPath: NavSection.NavPlane.ContainedPlaneList.Array.data[0].ExtentU.x
      value: 1.93514776
      objectReference: {fileID: 0}
    - target: {fileID: 0}
      propertyPath: NavSection.NavPlane.ContainedPlaneList.Array.data[0].ExtentU.z
      value: 0
      objectReference: {fileID: 0}
    - target: {fileID: 0}
      propertyPath: NavSection.NavPlane.ContainedPlaneList.Array.data[0].ExtentV.x
      value: 0
      objectReference: {fileID: 0}
    - target: {fileID: 0}
      propertyPath: NavSection.NavPlane.ContainedPlaneList.Array.data[0].ExtentV.z
      value: 1.93514824
      objectReference: {fileID: 0}
    - target: {fileID: 0}
      propertyPath: NavSection.NavPlane.ContainedPlaneList.Array.data[1].GlobalCenter.x
      value: -5.05539322
      objectReference: {fileID: 0}
    - target: {fileID: 0}
      propertyPath: NavSection.NavPlane.ContainedPlaneList.Array.data[1].GlobalCenter.z
      value: -1.94183731
      objectReference: {fileID: 0}
    - target: {fileID: 0}
      propertyPath: NavSection.NavPlane.ContainedPlaneList.Array.data[1].ExtentU.x
      value: 1.93514776
      objectReference: {fileID: 0}
    - target: {fileID: 0}
      propertyPath: NavSection.NavPlane.ContainedPlaneList.Array.data[1].ExtentU.z
      value: 0
      objectReference: {fileID: 0}
    - target: {fileID: 0}
      propertyPath: NavSection.NavPlane.ContainedPlaneList.Array.data[1].ExtentV.x
      value: 0
      objectReference: {fileID: 0}
    - target: {fileID: 0}
      propertyPath: NavSection.NavPlane.ContainedPlaneList.Array.data[1].ExtentV.z
      value: 1.93514824
      objectReference: {fileID: 0}
    - target: {fileID: 0}
      propertyPath: NavSection.NavPlane.ContainedPlaneList.Array.data[2].GlobalCenter.x
      value: -5.05539322
      objectReference: {fileID: 0}
    - target: {fileID: 0}
      propertyPath: NavSection.NavPlane.ContainedPlaneList.Array.data[2].GlobalCenter.z
      value: -1.94183731
      objectReference: {fileID: 0}
    - target: {fileID: 0}
      propertyPath: NavSection.NavPlane.ContainedPlaneList.Array.data[2].ExtentU.x
      value: 1.93514776
      objectReference: {fileID: 0}
    - target: {fileID: 0}
      propertyPath: NavSection.NavPlane.ContainedPlaneList.Array.data[2].ExtentU.z
      value: 0
      objectReference: {fileID: 0}
    - target: {fileID: 0}
      propertyPath: NavSection.NavPlane.ContainedPlaneList.Array.data[2].ExtentV.x
      value: 0
      objectReference: {fileID: 0}
    - target: {fileID: 0}
      propertyPath: NavSection.NavPlane.ContainedPlaneList.Array.data[2].ExtentV.z
      value: 1.93514824
      objectReference: {fileID: 0}
    - target: {fileID: 0}
      propertyPath: NavSection.NavPlane.ContainedPlaneList.Array.data[3].GlobalCenter.x
      value: -5.05539322
      objectReference: {fileID: 0}
    - target: {fileID: 0}
      propertyPath: NavSection.NavPlane.ContainedPlaneList.Array.data[3].GlobalCenter.z
      value: -1.94183731
      objectReference: {fileID: 0}
    - target: {fileID: 0}
      propertyPath: NavSection.NavPlane.ContainedPlaneList.Array.data[3].ExtentU.x
      value: 1.93514776
      objectReference: {fileID: 0}
    - target: {fileID: 0}
      propertyPath: NavSection.NavPlane.ContainedPlaneList.Array.data[3].ExtentU.z
      value: 0
      objectReference: {fileID: 0}
    - target: {fileID: 0}
      propertyPath: NavSection.NavPlane.ContainedPlaneList.Array.data[3].ExtentV.x
      value: 0
      objectReference: {fileID: 0}
    - target: {fileID: 0}
      propertyPath: NavSection.NavPlane.ContainedPlaneList.Array.data[3].ExtentV.z
      value: 1.93514824
      objectReference: {fileID: 0}
    - target: {fileID: 0}
      propertyPath: NavSection.NavPlane.ContainedPlaneList.Array.data[4].GlobalCenter.x
      value: -5.05539322
      objectReference: {fileID: 0}
    - target: {fileID: 0}
      propertyPath: NavSection.NavPlane.ContainedPlaneList.Array.data[4].GlobalCenter.z
      value: -1.94183731
      objectReference: {fileID: 0}
    - target: {fileID: 0}
      propertyPath: NavSection.NavPlane.ContainedPlaneList.Array.data[4].ExtentU.x
      value: 1.93514776
      objectReference: {fileID: 0}
    - target: {fileID: 0}
      propertyPath: NavSection.NavPlane.ContainedPlaneList.Array.data[4].ExtentV.z
      value: 1.93514824
      objectReference: {fileID: 0}
    - target: {fileID: 0}
      propertyPath: NavSection.NavPlane.ContainedPlaneList.Array.data[5].GlobalCenter.x
      value: -5.05539322
      objectReference: {fileID: 0}
    - target: {fileID: 0}
      propertyPath: NavSection.NavPlane.ContainedPlaneList.Array.data[5].GlobalCenter.z
      value: -1.94183731
      objectReference: {fileID: 0}
    - target: {fileID: 0}
      propertyPath: NavSection.NavPlane.ContainedPlaneList.Array.data[5].ExtentU.x
      value: 1.93514776
      objectReference: {fileID: 0}
    - target: {fileID: 0}
      propertyPath: NavSection.NavPlane.ContainedPlaneList.Array.data[5].ExtentV.z
      value: 1.93514824
      objectReference: {fileID: 0}
    - target: {fileID: 0}
      propertyPath: NavSection.NavPlane.ContainedPlaneList.Array.data[6].GlobalCenter.x
      value: -5.05539322
      objectReference: {fileID: 0}
    - target: {fileID: 0}
      propertyPath: NavSection.NavPlane.ContainedPlaneList.Array.data[6].GlobalCenter.z
      value: -1.94183731
      objectReference: {fileID: 0}
    - target: {fileID: 0}
      propertyPath: NavSection.NavPlane.ContainedPlaneList.Array.data[6].ExtentU.x
      value: 1.93514776
      objectReference: {fileID: 0}
    - target: {fileID: 0}
      propertyPath: NavSection.NavPlane.ContainedPlaneList.Array.data[6].ExtentV.z
      value: 1.93514824
      objectReference: {fileID: 0}
    - target: {fileID: 0}
      propertyPath: NavSection.NavPlane.ContainedPlaneList.Array.data[7].GlobalCenter.x
      value: -5.05539322
      objectReference: {fileID: 0}
    - target: {fileID: 0}
      propertyPath: NavSection.NavPlane.ContainedPlaneList.Array.data[7].GlobalCenter.z
      value: -1.94183731
      objectReference: {fileID: 0}
    - target: {fileID: 0}
      propertyPath: NavSection.NavPlane.ContainedPlaneList.Array.data[7].ExtentU.x
      value: 1.93514776
      objectReference: {fileID: 0}
    - target: {fileID: 0}
      propertyPath: NavSection.NavPlane.ContainedPlaneList.Array.data[7].ExtentV.z
      value: 1.93514824
      objectReference: {fileID: 0}
    - target: {fileID: 0}
      propertyPath: NavSection.NavPlane.ContainedPlaneList.Array.data[8].GlobalCenter.x
      value: -5.05539322
      objectReference: {fileID: 0}
    - target: {fileID: 0}
      propertyPath: NavSection.NavPlane.ContainedPlaneList.Array.data[8].GlobalCenter.y
      value: .173810408
      objectReference: {fileID: 0}
    - target: {fileID: 0}
      propertyPath: NavSection.NavPlane.ContainedPlaneList.Array.data[8].GlobalCenter.z
      value: -1.94183731
      objectReference: {fileID: 0}
    - target: {fileID: 0}
      propertyPath: NavSection.NavPlane.ContainedPlaneList.Array.data[8].ExtentU.x
      value: 1.93514776
      objectReference: {fileID: 0}
    - target: {fileID: 0}
      propertyPath: NavSection.NavPlane.ContainedPlaneList.Array.data[8].ExtentV.z
      value: 1.93514824
      objectReference: {fileID: 0}
    - target: {fileID: 0}
      propertyPath: NavSection.NavPlane.ContainedPlaneList.Array.data[8].Normal.y
      value: 1
      objectReference: {fileID: 0}
    - target: {fileID: 0}
      propertyPath: NavSection.NavPlane.ContainedPlaneList.Array.data[7].GlobalCenter.y
      value: .173810408
      objectReference: {fileID: 0}
    - target: {fileID: 0}
      propertyPath: NavSection.NavPlane.ContainedPlaneList.Array.data[7].Normal.y
      value: 1
      objectReference: {fileID: 0}
    - target: {fileID: 0}
      propertyPath: NavSection.NavPlane.ContainedPlaneList.Array.data[6].GlobalCenter.y
      value: .173810408
      objectReference: {fileID: 0}
    - target: {fileID: 0}
      propertyPath: NavSection.NavPlane.ContainedPlaneList.Array.data[6].Normal.y
      value: 1
      objectReference: {fileID: 0}
    - target: {fileID: 0}
      propertyPath: NavSection.NavPlane.ContainedPlaneList.Array.data[5].GlobalCenter.y
      value: .173810408
      objectReference: {fileID: 0}
    - target: {fileID: 0}
      propertyPath: NavSection.NavPlane.ContainedPlaneList.Array.data[5].Normal.y
      value: 1
      objectReference: {fileID: 0}
    - target: {fileID: 0}
      propertyPath: NavSection.NavPlane.ContainedPlaneList.Array.data[4].GlobalCenter.y
      value: .173810408
      objectReference: {fileID: 0}
    - target: {fileID: 0}
      propertyPath: NavSection.NavPlane.ContainedPlaneList.Array.data[4].Normal.y
      value: 1
      objectReference: {fileID: 0}
    - target: {fileID: 0}
      propertyPath: NavSection.NavPlane.ContainedPlaneList.Array.data[3].GlobalCenter.y
      value: .173810408
      objectReference: {fileID: 0}
    - target: {fileID: 0}
      propertyPath: NavSection.NavPlane.ContainedPlaneList.Array.data[3].Normal.y
      value: 1
      objectReference: {fileID: 0}
    - target: {fileID: 0}
      propertyPath: NavSection.NavPlane.ContainedPlaneList.Array.data[2].GlobalCenter.y
      value: .173810408
      objectReference: {fileID: 0}
    - target: {fileID: 0}
      propertyPath: NavSection.NavPlane.ContainedPlaneList.Array.data[2].Normal.y
      value: 1
      objectReference: {fileID: 0}
    - target: {fileID: 0}
      propertyPath: NavSection.NavPlane.ContainedPlaneList.Array.data[1].GlobalCenter.y
      value: .173810408
      objectReference: {fileID: 0}
    - target: {fileID: 0}
      propertyPath: NavSection.NavPlane.ContainedPlaneList.Array.data[1].Normal.y
      value: 1
      objectReference: {fileID: 0}
    - target: {fileID: 0}
      propertyPath: NavSection.NavPlane.ContainedPlaneList.Array.data[0].GlobalCenter.y
      value: .173810408
      objectReference: {fileID: 0}
    - target: {fileID: 0}
      propertyPath: NavSection.NavPlane.ContainedPlaneList.Array.data[0].Normal.y
      value: 1
      objectReference: {fileID: 0}
    - target: {fileID: 0}
      propertyPath: NavSection.NavPlane.GlobalCenter.x
      value: 0
      objectReference: {fileID: 0}
    - target: {fileID: 0}
      propertyPath: NavSection.NavPlane.GlobalCenter.y
      value: 0
      objectReference: {fileID: 0}
    - target: {fileID: 0}
      propertyPath: NavSection.NavPlane.GlobalCenter.z
      value: 0
      objectReference: {fileID: 0}
    - target: {fileID: 0}
      propertyPath: NavSection.NavPlane.ExtentU.z
      value: 0
      objectReference: {fileID: 0}
    - target: {fileID: 0}
      propertyPath: NavSection.NavPlane.ExtentV.x
      value: 0
      objectReference: {fileID: 0}
    - target: {fileID: 0}
      propertyPath: NavSection.NavPlane.Normal.y
      value: 0
      objectReference: {fileID: 0}
    - target: {fileID: 0}
      propertyPath: NavSection.ID
      value: -1
      objectReference: {fileID: 0}
    - target: {fileID: 0}
      propertyPath: NavPoint.ID
      value: -1
      objectReference: {fileID: 0}
    - target: {fileID: 0}
      propertyPath: NavPoint.ConnectedNodes.Array.data[0]
      value: 393
      objectReference: {fileID: 0}
    - target: {fileID: 0}
      propertyPath: NavPoint.ConnectedNodes.Array.data[1]
      value: 395
      objectReference: {fileID: 0}
    - target: {fileID: 0}
      propertyPath: NavPoint.ConnectedNodes.Array.data[2]
      value: 419
      objectReference: {fileID: 0}
    - target: {fileID: 0}
      propertyPath: NavPoint.ConnectedNodes.Array.data[3]
      value: 369
      objectReference: {fileID: 0}
    - target: {fileID: 0}
      propertyPath: NavPoint.ConnectedNodes.Array.data[4]
      value: 368
      objectReference: {fileID: 0}
    - target: {fileID: 0}
      propertyPath: NavPoint.ConnectedNodes.Array.data[5]
      value: 418
      objectReference: {fileID: 0}
    - target: {fileID: 0}
      propertyPath: NavPoint.ConnectedNodes.Array.data[6]
      value: 370
      objectReference: {fileID: 0}
    - target: {fileID: 0}
      propertyPath: NavPoint.ConnectedNodes.Array.data[7]
      value: 420
      objectReference: {fileID: 0}
    - target: {fileID: 0}
      propertyPath: NavPoint.GlobalPosition.x
      value: 0
      objectReference: {fileID: 0}
    - target: {fileID: 0}
      propertyPath: NavPoint.GlobalPosition.y
      value: 0
      objectReference: {fileID: 0}
    - target: {fileID: 0}
      propertyPath: NavPoint.GlobalPosition.z
      value: 0
      objectReference: {fileID: 0}
    - target: {fileID: 0}
      propertyPath: NavPoint.SectionID
      value: -1
      objectReference: {fileID: 0}
    - target: {fileID: 0}
      propertyPath: m_Materials.Array.data[0]
      value: 
      objectReference: {fileID: 2100000, guid: f9f981a77f0a10449a5e4cc340bf67f2, type: 2}
    - target: {fileID: 0}
      propertyPath: m_LocalScale.x
      value: .200000003
      objectReference: {fileID: 0}
    - target: {fileID: 0}
      propertyPath: m_LocalScale.y
      value: .200000003
      objectReference: {fileID: 0}
    - target: {fileID: 0}
      propertyPath: m_LocalScale.z
      value: .200000003
      objectReference: {fileID: 0}
    m_RemovedComponents: []
  m_ParentPrefab: {fileID: 0}
  m_RootGameObject: {fileID: 152922}
  m_IsPrefabParent: 1
