%YAML 1.1
%TAG !u! tag:unity3d.com,2011:
--- !u!1 &100000
GameObject:
  m_ObjectHideFlags: 0
  m_PrefabParentObject: {fileID: 0}
  m_PrefabInternal: {fileID: 100100000}
  serializedVersion: 4
  m_Component:
  - 4: {fileID: 400000}
  - 65: {fileID: 6500000}
  - 114: {fileID: 11400000}
  m_Layer: 2
  m_Name: ClimbableWall
  m_TagString: ClimbableWallCollider
  m_Icon: {fileID: 0}
  m_NavMeshLayer: 0
  m_StaticEditorFlags: 0
  m_IsActive: 1
--- !u!1 &100002
GameObject:
  m_ObjectHideFlags: 0
  m_PrefabParentObject: {fileID: 0}
  m_PrefabInternal: {fileID: 100100000}
  serializedVersion: 4
  m_Component:
  - 4: {fileID: 400002}
  - 65: {fileID: 6500002}
  m_Layer: 0
  m_Name: NormalHelper
  m_TagString: Untagged
  m_Icon: {fileID: 0}
  m_NavMeshLayer: 0
  m_StaticEditorFlags: 0
  m_IsActive: 1
--- !u!1 &100004
GameObject:
  m_ObjectHideFlags: 0
  m_PrefabParentObject: {fileID: 0}
  m_PrefabInternal: {fileID: 100100000}
  serializedVersion: 4
  m_Component:
  - 4: {fileID: 400004}
  - 135: {fileID: 13500000}
  m_Layer: 2
  m_Name: AgentTarget
  m_TagString: Untagged
  m_Icon: {fileID: 0}
  m_NavMeshLayer: 0
  m_StaticEditorFlags: 0
  m_IsActive: 1
--- !u!4 &400000
Transform:
  m_ObjectHideFlags: 1
  m_PrefabParentObject: {fileID: 0}
  m_PrefabInternal: {fileID: 100100000}
  m_GameObject: {fileID: 100000}
  m_LocalRotation: {x: 0, y: -.707253754, z: 0, w: .706959784}
  m_LocalPosition: {x: -.338007629, y: -.0578765571, z: .252661169}
  m_LocalScale: {x: .0265863333, y: .886518598, z: .0839897618}
  m_Children:
  - {fileID: 400004}
  - {fileID: 400002}
  m_Father: {fileID: 0}
--- !u!4 &400002
Transform:
  m_ObjectHideFlags: 1
  m_PrefabParentObject: {fileID: 0}
  m_PrefabInternal: {fileID: 100100000}
  m_GameObject: {fileID: 100002}
  m_LocalRotation: {x: 0, y: .707253754, z: 0, w: .706959784}
  m_LocalPosition: {x: 1, y: 0, z: 0}
  m_LocalScale: {x: .109478749, y: .041980464, z: .383489281}
  m_Children: []
  m_Father: {fileID: 400000}
--- !u!4 &400004
Transform:
  m_ObjectHideFlags: 1
  m_PrefabParentObject: {fileID: 0}
  m_PrefabInternal: {fileID: 100100000}
  m_GameObject: {fileID: 100004}
  m_LocalRotation: {x: 0, y: 0, z: 0, w: 1}
  m_LocalPosition: {x: .0215454102, y: -.473204881, z: -.0389244966}
  m_LocalScale: {x: 1, y: .174320653, z: .284007549}
  m_Children: []
  m_Father: {fileID: 400000}
--- !u!65 &6500000
BoxCollider:
  m_ObjectHideFlags: 1
  m_PrefabParentObject: {fileID: 0}
  m_PrefabInternal: {fileID: 100100000}
  m_GameObject: {fileID: 100000}
  m_Material: {fileID: 0}
  m_IsTrigger: 1
  m_Enabled: 1
  serializedVersion: 2
  m_Size: {x: 1, y: 1, z: 1}
  m_Center: {x: 0, y: 0, z: 0}
--- !u!65 &6500002
BoxCollider:
  m_ObjectHideFlags: 1
  m_PrefabParentObject: {fileID: 0}
  m_PrefabInternal: {fileID: 100100000}
  m_GameObject: {fileID: 100002}
  m_Material: {fileID: 0}
  m_IsTrigger: 0
  m_Enabled: 0
  serializedVersion: 2
  m_Size: {x: 1, y: 1, z: 1}
  m_Center: {x: 0, y: 0, z: 0}
--- !u!114 &11400000
MonoBehaviour:
  m_ObjectHideFlags: 1
  m_PrefabParentObject: {fileID: 0}
  m_PrefabInternal: {fileID: 100100000}
  m_GameObject: {fileID: 100000}
  m_Enabled: 1
  m_EditorHideFlags: 0
  m_Script: {fileID: 11500000, guid: bb60a0bed669d314ea4dbf0789d7e86b, type: 3}
  m_Name: 
  m_EditorClassIdentifier: 
--- !u!135 &13500000
SphereCollider:
  m_ObjectHideFlags: 1
  m_PrefabParentObject: {fileID: 0}
  m_PrefabInternal: {fileID: 100100000}
  m_GameObject: {fileID: 100004}
  m_Material: {fileID: 0}
  m_IsTrigger: 1
  m_Enabled: 0
  serializedVersion: 2
  m_Radius: .5
  m_Center: {x: 0, y: 0, z: 0}
--- !u!1001 &100100000
Prefab:
  m_ObjectHideFlags: 1
  serializedVersion: 2
  m_Modification:
    m_TransformParent: {fileID: 0}
    m_Modifications: []
    m_RemovedComponents: []
  m_ParentPrefab: {fileID: 0}
  m_RootGameObject: {fileID: 100000}
  m_IsPrefabParent: 1
  m_IsExploded: 1
