%YAML 1.1
%TAG !u! tag:unity3d.com,2011:
--- !u!1 &100000
GameObject:
  m_ObjectHideFlags: 1
  m_PrefabParentObject: {fileID: 0}
  m_PrefabInternal: {fileID: 100100000}
  serializedVersion: 4
  m_Component:
  - 4: {fileID: 400026}
  m_Layer: 0
  m_Name: SpiderRLeg43
  m_TagString: Untagged
  m_Icon: {fileID: 0}
  m_NavMeshLayer: 0
  m_StaticEditorFlags: 0
  m_IsActive: 1
--- !u!1 &100002
GameObject:
  m_ObjectHideFlags: 1
  m_PrefabParentObject: {fileID: 0}
  m_PrefabInternal: {fileID: 100100000}
  serializedVersion: 4
  m_Component:
  - 4: {fileID: 400024}
  m_Layer: 0
  m_Name: SpiderRLeg42
  m_TagString: Untagged
  m_Icon: {fileID: 0}
  m_NavMeshLayer: 0
  m_StaticEditorFlags: 0
  m_IsActive: 1
--- !u!1 &100004
GameObject:
  m_ObjectHideFlags: 1
  m_PrefabParentObject: {fileID: 0}
  m_PrefabInternal: {fileID: 100100000}
  serializedVersion: 4
  m_Component:
  - 4: {fileID: 400022}
  m_Layer: 0
  m_Name: SpiderRLeg41
  m_TagString: Untagged
  m_Icon: {fileID: 0}
  m_NavMeshLayer: 0
  m_StaticEditorFlags: 0
  m_IsActive: 1
--- !u!1 &100006
GameObject:
  m_ObjectHideFlags: 1
  m_PrefabParentObject: {fileID: 0}
  m_PrefabInternal: {fileID: 100100000}
  serializedVersion: 4
  m_Component:
  - 4: {fileID: 400016}
  m_Layer: 0
  m_Name: SpiderRLeg33
  m_TagString: Untagged
  m_Icon: {fileID: 0}
  m_NavMeshLayer: 0
  m_StaticEditorFlags: 0
  m_IsActive: 1
--- !u!1 &100008
GameObject:
  m_ObjectHideFlags: 1
  m_PrefabParentObject: {fileID: 0}
  m_PrefabInternal: {fileID: 100100000}
  serializedVersion: 4
  m_Component:
  - 4: {fileID: 400018}
  m_Layer: 0
  m_Name: SpiderRLeg32
  m_TagString: Untagged
  m_Icon: {fileID: 0}
  m_NavMeshLayer: 0
  m_StaticEditorFlags: 0
  m_IsActive: 1
--- !u!1 &100010
GameObject:
  m_ObjectHideFlags: 1
  m_PrefabParentObject: {fileID: 0}
  m_PrefabInternal: {fileID: 100100000}
  serializedVersion: 4
  m_Component:
  - 4: {fileID: 400020}
  m_Layer: 0
  m_Name: SpiderRLeg31
  m_TagString: Untagged
  m_Icon: {fileID: 0}
  m_NavMeshLayer: 0
  m_StaticEditorFlags: 0
  m_IsActive: 1
--- !u!1 &100012
GameObject:
  m_ObjectHideFlags: 1
  m_PrefabParentObject: {fileID: 0}
  m_PrefabInternal: {fileID: 100100000}
  serializedVersion: 4
  m_Component:
  - 4: {fileID: 400004}
  m_Layer: 0
  m_Name: SpiderRLeg23
  m_TagString: Untagged
  m_Icon: {fileID: 0}
  m_NavMeshLayer: 0
  m_StaticEditorFlags: 0
  m_IsActive: 1
--- !u!1 &100014
GameObject:
  m_ObjectHideFlags: 1
  m_PrefabParentObject: {fileID: 0}
  m_PrefabInternal: {fileID: 100100000}
  serializedVersion: 4
  m_Component:
  - 4: {fileID: 400006}
  m_Layer: 0
  m_Name: SpiderRLeg22
  m_TagString: Untagged
  m_Icon: {fileID: 0}
  m_NavMeshLayer: 0
  m_StaticEditorFlags: 0
  m_IsActive: 1
--- !u!1 &100016
GameObject:
  m_ObjectHideFlags: 1
  m_PrefabParentObject: {fileID: 0}
  m_PrefabInternal: {fileID: 100100000}
  serializedVersion: 4
  m_Component:
  - 4: {fileID: 400008}
  m_Layer: 0
  m_Name: SpiderRLeg21
  m_TagString: Untagged
  m_Icon: {fileID: 0}
  m_NavMeshLayer: 0
  m_StaticEditorFlags: 0
  m_IsActive: 1
--- !u!1 &100018
GameObject:
  m_ObjectHideFlags: 1
  m_PrefabParentObject: {fileID: 0}
  m_PrefabInternal: {fileID: 100100000}
  serializedVersion: 4
  m_Component:
  - 4: {fileID: 400014}
  m_Layer: 0
  m_Name: SpiderRLeg13
  m_TagString: Untagged
  m_Icon: {fileID: 0}
  m_NavMeshLayer: 0
  m_StaticEditorFlags: 0
  m_IsActive: 1
--- !u!1 &100020
GameObject:
  m_ObjectHideFlags: 1
  m_PrefabParentObject: {fileID: 0}
  m_PrefabInternal: {fileID: 100100000}
  serializedVersion: 4
  m_Component:
  - 4: {fileID: 400012}
  m_Layer: 0
  m_Name: SpiderRLeg12
  m_TagString: Untagged
  m_Icon: {fileID: 0}
  m_NavMeshLayer: 0
  m_StaticEditorFlags: 0
  m_IsActive: 1
--- !u!1 &100022
GameObject:
  m_ObjectHideFlags: 1
  m_PrefabParentObject: {fileID: 0}
  m_PrefabInternal: {fileID: 100100000}
  serializedVersion: 4
  m_Component:
  - 4: {fileID: 400010}
  m_Layer: 0
  m_Name: SpiderRLeg11
  m_TagString: Untagged
  m_Icon: {fileID: 0}
  m_NavMeshLayer: 0
  m_StaticEditorFlags: 0
  m_IsActive: 1
--- !u!1 &100024
GameObject:
  m_ObjectHideFlags: 1
  m_PrefabParentObject: {fileID: 0}
  m_PrefabInternal: {fileID: 100100000}
  serializedVersion: 4
  m_Component:
  - 4: {fileID: 400046}
  m_Layer: 0
  m_Name: SpiderLLeg43
  m_TagString: Untagged
  m_Icon: {fileID: 0}
  m_NavMeshLayer: 0
  m_StaticEditorFlags: 0
  m_IsActive: 1
--- !u!1 &100026
GameObject:
  m_ObjectHideFlags: 1
  m_PrefabParentObject: {fileID: 0}
  m_PrefabInternal: {fileID: 100100000}
  serializedVersion: 4
  m_Component:
  - 4: {fileID: 400048}
  m_Layer: 0
  m_Name: SpiderLLeg42
  m_TagString: Untagged
  m_Icon: {fileID: 0}
  m_NavMeshLayer: 0
  m_StaticEditorFlags: 0
  m_IsActive: 1
--- !u!1 &100028
GameObject:
  m_ObjectHideFlags: 1
  m_PrefabParentObject: {fileID: 0}
  m_PrefabInternal: {fileID: 100100000}
  serializedVersion: 4
  m_Component:
  - 4: {fileID: 400044}
  m_Layer: 0
  m_Name: SpiderLLeg41
  m_TagString: Untagged
  m_Icon: {fileID: 0}
  m_NavMeshLayer: 0
  m_StaticEditorFlags: 0
  m_IsActive: 1
--- !u!1 &100030
GameObject:
  m_ObjectHideFlags: 1
  m_PrefabParentObject: {fileID: 0}
  m_PrefabInternal: {fileID: 100100000}
  serializedVersion: 4
  m_Component:
  - 4: {fileID: 400038}
  m_Layer: 0
  m_Name: SpiderLLeg33
  m_TagString: Untagged
  m_Icon: {fileID: 0}
  m_NavMeshLayer: 0
  m_StaticEditorFlags: 0
  m_IsActive: 1
--- !u!1 &100032
GameObject:
  m_ObjectHideFlags: 1
  m_PrefabParentObject: {fileID: 0}
  m_PrefabInternal: {fileID: 100100000}
  serializedVersion: 4
  m_Component:
  - 4: {fileID: 400028}
  m_Layer: 0
  m_Name: SpiderLLeg32
  m_TagString: Untagged
  m_Icon: {fileID: 0}
  m_NavMeshLayer: 0
  m_StaticEditorFlags: 0
  m_IsActive: 1
--- !u!1 &100034
GameObject:
  m_ObjectHideFlags: 1
  m_PrefabParentObject: {fileID: 0}
  m_PrefabInternal: {fileID: 100100000}
  serializedVersion: 4
  m_Component:
  - 4: {fileID: 400042}
  m_Layer: 0
  m_Name: SpiderLLeg31
  m_TagString: Untagged
  m_Icon: {fileID: 0}
  m_NavMeshLayer: 0
  m_StaticEditorFlags: 0
  m_IsActive: 1
--- !u!1 &100036
GameObject:
  m_ObjectHideFlags: 1
  m_PrefabParentObject: {fileID: 0}
  m_PrefabInternal: {fileID: 100100000}
  serializedVersion: 4
  m_Component:
  - 4: {fileID: 400036}
  m_Layer: 0
  m_Name: SpiderLLeg23
  m_TagString: Untagged
  m_Icon: {fileID: 0}
  m_NavMeshLayer: 0
  m_StaticEditorFlags: 0
  m_IsActive: 1
--- !u!1 &100038
GameObject:
  m_ObjectHideFlags: 1
  m_PrefabParentObject: {fileID: 0}
  m_PrefabInternal: {fileID: 100100000}
  serializedVersion: 4
  m_Component:
  - 4: {fileID: 400030}
  m_Layer: 0
  m_Name: SpiderLLeg22
  m_TagString: Untagged
  m_Icon: {fileID: 0}
  m_NavMeshLayer: 0
  m_StaticEditorFlags: 0
  m_IsActive: 1
--- !u!1 &100040
GameObject:
  m_ObjectHideFlags: 1
  m_PrefabParentObject: {fileID: 0}
  m_PrefabInternal: {fileID: 100100000}
  serializedVersion: 4
  m_Component:
  - 4: {fileID: 400040}
  m_Layer: 0
  m_Name: SpiderLLeg21
  m_TagString: Untagged
  m_Icon: {fileID: 0}
  m_NavMeshLayer: 0
  m_StaticEditorFlags: 0
  m_IsActive: 1
--- !u!1 &100042
GameObject:
  m_ObjectHideFlags: 1
  m_PrefabParentObject: {fileID: 0}
  m_PrefabInternal: {fileID: 100100000}
  serializedVersion: 4
  m_Component:
  - 4: {fileID: 400034}
  m_Layer: 0
  m_Name: SpiderLLeg13
  m_TagString: Untagged
  m_Icon: {fileID: 0}
  m_NavMeshLayer: 0
  m_StaticEditorFlags: 0
  m_IsActive: 1
--- !u!1 &100044
GameObject:
  m_ObjectHideFlags: 1
  m_PrefabParentObject: {fileID: 0}
  m_PrefabInternal: {fileID: 100100000}
  serializedVersion: 4
  m_Component:
  - 4: {fileID: 400032}
  m_Layer: 0
  m_Name: SpiderLLeg12
  m_TagString: Untagged
  m_Icon: {fileID: 0}
  m_NavMeshLayer: 0
  m_StaticEditorFlags: 0
  m_IsActive: 1
--- !u!1 &100046
GameObject:
  m_ObjectHideFlags: 1
  m_PrefabParentObject: {fileID: 0}
  m_PrefabInternal: {fileID: 100100000}
  serializedVersion: 4
  m_Component:
  - 4: {fileID: 400050}
  m_Layer: 0
  m_Name: SpiderLLeg11
  m_TagString: Untagged
  m_Icon: {fileID: 0}
  m_NavMeshLayer: 0
  m_StaticEditorFlags: 0
  m_IsActive: 1
--- !u!1 &100048
GameObject:
  m_ObjectHideFlags: 1
  m_PrefabParentObject: {fileID: 0}
  m_PrefabInternal: {fileID: 100100000}
  serializedVersion: 4
  m_Component:
  - 4: {fileID: 400000}
  m_Layer: 0
  m_Name: Spider_Mandibel_R
  m_TagString: Untagged
  m_Icon: {fileID: 0}
  m_NavMeshLayer: 0
  m_StaticEditorFlags: 0
  m_IsActive: 1
--- !u!1 &100050
GameObject:
  m_ObjectHideFlags: 1
  m_PrefabParentObject: {fileID: 0}
  m_PrefabInternal: {fileID: 100100000}
  serializedVersion: 4
  m_Component:
  - 4: {fileID: 400002}
  m_Layer: 0
  m_Name: Spider_Mandibel_L
  m_TagString: Untagged
  m_Icon: {fileID: 0}
  m_NavMeshLayer: 0
  m_StaticEditorFlags: 0
  m_IsActive: 1
--- !u!1 &100052
GameObject:
  m_ObjectHideFlags: 1
  m_PrefabParentObject: {fileID: 0}
  m_PrefabInternal: {fileID: 100100000}
  serializedVersion: 4
  m_Component:
  - 4: {fileID: 400052}
  m_Layer: 0
  m_Name: Spider 1
  m_TagString: Untagged
  m_Icon: {fileID: 0}
  m_NavMeshLayer: 0
  m_StaticEditorFlags: 0
  m_IsActive: 1
--- !u!1 &100054
GameObject:
  m_ObjectHideFlags: 0
  m_PrefabParentObject: {fileID: 0}
  m_PrefabInternal: {fileID: 100100000}
  serializedVersion: 4
  m_Component:
  - 4: {fileID: 400054}
  m_Layer: 0
  m_Name: SpiderRLeg4Platform
  m_TagString: Untagged
  m_Icon: {fileID: 0}
  m_NavMeshLayer: 0
  m_StaticEditorFlags: 0
  m_IsActive: 1
--- !u!1 &100056
GameObject:
  m_ObjectHideFlags: 0
  m_PrefabParentObject: {fileID: 0}
  m_PrefabInternal: {fileID: 100100000}
  serializedVersion: 4
  m_Component:
  - 4: {fileID: 400056}
  m_Layer: 0
  m_Name: SpiderRLeg3Platform
  m_TagString: Untagged
  m_Icon: {fileID: 0}
  m_NavMeshLayer: 0
  m_StaticEditorFlags: 0
  m_IsActive: 1
--- !u!1 &100058
GameObject:
  m_ObjectHideFlags: 0
  m_PrefabParentObject: {fileID: 0}
  m_PrefabInternal: {fileID: 100100000}
  serializedVersion: 4
  m_Component:
  - 4: {fileID: 400058}
  m_Layer: 0
  m_Name: SpiderRLeg2Platform
  m_TagString: Untagged
  m_Icon: {fileID: 0}
  m_NavMeshLayer: 0
  m_StaticEditorFlags: 0
  m_IsActive: 1
--- !u!1 &100060
GameObject:
  m_ObjectHideFlags: 0
  m_PrefabParentObject: {fileID: 0}
  m_PrefabInternal: {fileID: 100100000}
  serializedVersion: 4
  m_Component:
  - 4: {fileID: 400060}
  m_Layer: 0
  m_Name: SpiderRLeg1Platform
  m_TagString: Untagged
  m_Icon: {fileID: 0}
  m_NavMeshLayer: 0
  m_StaticEditorFlags: 0
  m_IsActive: 1
--- !u!1 &100062
GameObject:
  m_ObjectHideFlags: 0
  m_PrefabParentObject: {fileID: 0}
  m_PrefabInternal: {fileID: 100100000}
  serializedVersion: 4
  m_Component:
  - 4: {fileID: 400062}
  m_Layer: 0
  m_Name: SpiderLLeg4Platform
  m_TagString: Untagged
  m_Icon: {fileID: 0}
  m_NavMeshLayer: 0
  m_StaticEditorFlags: 0
  m_IsActive: 1
--- !u!1 &100064
GameObject:
  m_ObjectHideFlags: 0
  m_PrefabParentObject: {fileID: 0}
  m_PrefabInternal: {fileID: 100100000}
  serializedVersion: 4
  m_Component:
  - 4: {fileID: 400064}
  m_Layer: 0
  m_Name: SpiderLLeg3Platform
  m_TagString: Untagged
  m_Icon: {fileID: 0}
  m_NavMeshLayer: 0
  m_StaticEditorFlags: 0
  m_IsActive: 1
--- !u!1 &100066
GameObject:
  m_ObjectHideFlags: 0
  m_PrefabParentObject: {fileID: 0}
  m_PrefabInternal: {fileID: 100100000}
  serializedVersion: 4
  m_Component:
  - 4: {fileID: 400066}
  m_Layer: 0
  m_Name: SpiderLLeg2Platform
  m_TagString: Untagged
  m_Icon: {fileID: 0}
  m_NavMeshLayer: 0
  m_StaticEditorFlags: 0
  m_IsActive: 1
--- !u!1 &100068
GameObject:
  m_ObjectHideFlags: 0
  m_PrefabParentObject: {fileID: 0}
  m_PrefabInternal: {fileID: 100100000}
  serializedVersion: 4
  m_Component:
  - 4: {fileID: 400068}
  m_Layer: 0
  m_Name: SpiderLLeg1Platform
  m_TagString: Untagged
  m_Icon: {fileID: 0}
  m_NavMeshLayer: 0
  m_StaticEditorFlags: 0
  m_IsActive: 1
--- !u!1 &100070
GameObject:
  m_ObjectHideFlags: 0
  m_PrefabParentObject: {fileID: 0}
  m_PrefabInternal: {fileID: 100100000}
  serializedVersion: 4
  m_Component:
  - 4: {fileID: 400070}
  - 137: {fileID: 13700000}
  m_Layer: 0
  m_Name: Spiderhub
  m_TagString: Untagged
  m_Icon: {fileID: 0}
  m_NavMeshLayer: 0
  m_StaticEditorFlags: 0
  m_IsActive: 1
--- !u!1 &100072
GameObject:
  m_ObjectHideFlags: 0
  m_PrefabParentObject: {fileID: 0}
  m_PrefabInternal: {fileID: 100100000}
  serializedVersion: 4
  m_Component:
  - 4: {fileID: 400072}
  m_Layer: 0
  m_Name: SpiderHub
  m_TagString: Untagged
  m_Icon: {fileID: 0}
  m_NavMeshLayer: 0
  m_StaticEditorFlags: 0
  m_IsActive: 1
--- !u!1 &100074
GameObject:
  m_ObjectHideFlags: 0
  m_PrefabParentObject: {fileID: 0}
  m_PrefabInternal: {fileID: 100100000}
  serializedVersion: 4
  m_Component:
  - 4: {fileID: 400074}
  m_Layer: 0
  m_Name: Spider
  m_TagString: Untagged
  m_Icon: {fileID: 0}
  m_NavMeshLayer: 0
  m_StaticEditorFlags: 0
  m_IsActive: 1
--- !u!1 &100076
GameObject:
  m_ObjectHideFlags: 0
  m_PrefabParentObject: {fileID: 0}
  m_PrefabInternal: {fileID: 100100000}
  serializedVersion: 4
  m_Component:
  - 4: {fileID: 400076}
  - 137: {fileID: 13700002}
  m_Layer: 0
  m_Name: Box039
  m_TagString: Untagged
  m_Icon: {fileID: 0}
  m_NavMeshLayer: 0
  m_StaticEditorFlags: 0
  m_IsActive: 1
--- !u!1 &100078
GameObject:
  m_ObjectHideFlags: 0
  m_PrefabParentObject: {fileID: 0}
  m_PrefabInternal: {fileID: 100100000}
  serializedVersion: 4
  m_Component:
  - 4: {fileID: 400078}
  - 137: {fileID: 13700004}
  m_Layer: 0
  m_Name: Box037
  m_TagString: Untagged
  m_Icon: {fileID: 0}
  m_NavMeshLayer: 0
  m_StaticEditorFlags: 0
  m_IsActive: 1
--- !u!1 &100080
GameObject:
  m_ObjectHideFlags: 0
  m_PrefabParentObject: {fileID: 0}
  m_PrefabInternal: {fileID: 100100000}
  serializedVersion: 4
  m_Component:
  - 4: {fileID: 400080}
  - 137: {fileID: 13700006}
  m_Layer: 0
  m_Name: Box036
  m_TagString: Untagged
  m_Icon: {fileID: 0}
  m_NavMeshLayer: 0
  m_StaticEditorFlags: 0
  m_IsActive: 1
--- !u!1 &100082
GameObject:
  m_ObjectHideFlags: 0
  m_PrefabParentObject: {fileID: 0}
  m_PrefabInternal: {fileID: 100100000}
  serializedVersion: 4
  m_Component:
  - 4: {fileID: 400082}
  - 137: {fileID: 13700008}
  m_Layer: 0
  m_Name: Box035
  m_TagString: Untagged
  m_Icon: {fileID: 0}
  m_NavMeshLayer: 0
  m_StaticEditorFlags: 0
  m_IsActive: 1
--- !u!1 &100084
GameObject:
  m_ObjectHideFlags: 0
  m_PrefabParentObject: {fileID: 0}
  m_PrefabInternal: {fileID: 100100000}
  serializedVersion: 4
  m_Component:
  - 4: {fileID: 400084}
  - 137: {fileID: 13700010}
  m_Layer: 0
  m_Name: Box034
  m_TagString: Untagged
  m_Icon: {fileID: 0}
  m_NavMeshLayer: 0
  m_StaticEditorFlags: 0
  m_IsActive: 1
--- !u!1 &100086
GameObject:
  m_ObjectHideFlags: 0
  m_PrefabParentObject: {fileID: 0}
  m_PrefabInternal: {fileID: 100100000}
  serializedVersion: 4
  m_Component:
  - 4: {fileID: 400086}
  - 137: {fileID: 13700012}
  m_Layer: 0
  m_Name: Box032
  m_TagString: Untagged
  m_Icon: {fileID: 0}
  m_NavMeshLayer: 0
  m_StaticEditorFlags: 0
  m_IsActive: 1
--- !u!1 &100088
GameObject:
  m_ObjectHideFlags: 0
  m_PrefabParentObject: {fileID: 0}
  m_PrefabInternal: {fileID: 100100000}
  serializedVersion: 4
  m_Component:
  - 4: {fileID: 400088}
  - 137: {fileID: 13700014}
  m_Layer: 0
  m_Name: Box031
  m_TagString: Untagged
  m_Icon: {fileID: 0}
  m_NavMeshLayer: 0
  m_StaticEditorFlags: 0
  m_IsActive: 1
--- !u!1 &100090
GameObject:
  m_ObjectHideFlags: 0
  m_PrefabParentObject: {fileID: 0}
  m_PrefabInternal: {fileID: 100100000}
  serializedVersion: 4
  m_Component:
  - 4: {fileID: 400090}
  - 137: {fileID: 13700016}
  m_Layer: 0
  m_Name: Box030
  m_TagString: Untagged
  m_Icon: {fileID: 0}
  m_NavMeshLayer: 0
  m_StaticEditorFlags: 0
  m_IsActive: 1
--- !u!1 &100092
GameObject:
  m_ObjectHideFlags: 0
  m_PrefabParentObject: {fileID: 0}
  m_PrefabInternal: {fileID: 100100000}
  serializedVersion: 4
  m_Component:
  - 4: {fileID: 400092}
  - 137: {fileID: 13700018}
  m_Layer: 0
  m_Name: Box029
  m_TagString: Untagged
  m_Icon: {fileID: 0}
  m_NavMeshLayer: 0
  m_StaticEditorFlags: 0
  m_IsActive: 1
--- !u!1 &100094
GameObject:
  m_ObjectHideFlags: 0
  m_PrefabParentObject: {fileID: 0}
  m_PrefabInternal: {fileID: 100100000}
  serializedVersion: 4
  m_Component:
  - 4: {fileID: 400094}
  - 137: {fileID: 13700020}
  m_Layer: 0
  m_Name: Box028
  m_TagString: Untagged
  m_Icon: {fileID: 0}
  m_NavMeshLayer: 0
  m_StaticEditorFlags: 0
  m_IsActive: 1
--- !u!1 &100096
GameObject:
  m_ObjectHideFlags: 0
  m_PrefabParentObject: {fileID: 0}
  m_PrefabInternal: {fileID: 100100000}
  serializedVersion: 4
  m_Component:
  - 4: {fileID: 400096}
  - 137: {fileID: 13700022}
  m_Layer: 0
  m_Name: Box027
  m_TagString: Untagged
  m_Icon: {fileID: 0}
  m_NavMeshLayer: 0
  m_StaticEditorFlags: 0
  m_IsActive: 1
--- !u!1 &100098
GameObject:
  m_ObjectHideFlags: 0
  m_PrefabParentObject: {fileID: 0}
  m_PrefabInternal: {fileID: 100100000}
  serializedVersion: 4
  m_Component:
  - 4: {fileID: 400098}
  - 137: {fileID: 13700024}
  m_Layer: 0
  m_Name: Box026
  m_TagString: Untagged
  m_Icon: {fileID: 0}
  m_NavMeshLayer: 0
  m_StaticEditorFlags: 0
  m_IsActive: 1
--- !u!1 &100100
GameObject:
  m_ObjectHideFlags: 0
  m_PrefabParentObject: {fileID: 0}
  m_PrefabInternal: {fileID: 100100000}
  serializedVersion: 4
  m_Component:
  - 4: {fileID: 400100}
  - 137: {fileID: 13700026}
  m_Layer: 0
  m_Name: Box025
  m_TagString: Untagged
  m_Icon: {fileID: 0}
  m_NavMeshLayer: 0
  m_StaticEditorFlags: 0
  m_IsActive: 1
--- !u!1 &100102
GameObject:
  m_ObjectHideFlags: 0
  m_PrefabParentObject: {fileID: 0}
  m_PrefabInternal: {fileID: 100100000}
  serializedVersion: 4
  m_Component:
  - 4: {fileID: 400102}
  - 137: {fileID: 13700028}
  m_Layer: 0
  m_Name: Box024
  m_TagString: Untagged
  m_Icon: {fileID: 0}
  m_NavMeshLayer: 0
  m_StaticEditorFlags: 0
  m_IsActive: 1
--- !u!1 &100104
GameObject:
  m_ObjectHideFlags: 0
  m_PrefabParentObject: {fileID: 0}
  m_PrefabInternal: {fileID: 100100000}
  serializedVersion: 4
  m_Component:
  - 4: {fileID: 400104}
  - 137: {fileID: 13700030}
  m_Layer: 0
  m_Name: Box023
  m_TagString: Untagged
  m_Icon: {fileID: 0}
  m_NavMeshLayer: 0
  m_StaticEditorFlags: 0
  m_IsActive: 1
--- !u!1 &100106
GameObject:
  m_ObjectHideFlags: 0
  m_PrefabParentObject: {fileID: 0}
  m_PrefabInternal: {fileID: 100100000}
  serializedVersion: 4
  m_Component:
  - 4: {fileID: 400106}
  - 137: {fileID: 13700032}
  m_Layer: 0
  m_Name: Box022
  m_TagString: Untagged
  m_Icon: {fileID: 0}
  m_NavMeshLayer: 0
  m_StaticEditorFlags: 0
  m_IsActive: 1
--- !u!1 &100108
GameObject:
  m_ObjectHideFlags: 0
  m_PrefabParentObject: {fileID: 0}
  m_PrefabInternal: {fileID: 100100000}
  serializedVersion: 4
  m_Component:
  - 4: {fileID: 400108}
  - 137: {fileID: 13700034}
  m_Layer: 0
  m_Name: Box021
  m_TagString: Untagged
  m_Icon: {fileID: 0}
  m_NavMeshLayer: 0
  m_StaticEditorFlags: 0
  m_IsActive: 1
--- !u!1 &100110
GameObject:
  m_ObjectHideFlags: 0
  m_PrefabParentObject: {fileID: 0}
  m_PrefabInternal: {fileID: 100100000}
  serializedVersion: 4
  m_Component:
  - 4: {fileID: 400110}
  - 137: {fileID: 13700036}
  m_Layer: 0
  m_Name: Box020
  m_TagString: Untagged
  m_Icon: {fileID: 0}
  m_NavMeshLayer: 0
  m_StaticEditorFlags: 0
  m_IsActive: 1
--- !u!1 &100112
GameObject:
  m_ObjectHideFlags: 0
  m_PrefabParentObject: {fileID: 0}
  m_PrefabInternal: {fileID: 100100000}
  serializedVersion: 4
  m_Component:
  - 4: {fileID: 400112}
  - 137: {fileID: 13700038}
  m_Layer: 0
  m_Name: Box019
  m_TagString: Untagged
  m_Icon: {fileID: 0}
  m_NavMeshLayer: 0
  m_StaticEditorFlags: 0
  m_IsActive: 1
--- !u!1 &100114
GameObject:
  m_ObjectHideFlags: 0
  m_PrefabParentObject: {fileID: 0}
  m_PrefabInternal: {fileID: 100100000}
  serializedVersion: 4
  m_Component:
  - 4: {fileID: 400114}
  - 137: {fileID: 13700040}
  m_Layer: 0
  m_Name: Box018
  m_TagString: Untagged
  m_Icon: {fileID: 0}
  m_NavMeshLayer: 0
  m_StaticEditorFlags: 0
  m_IsActive: 1
--- !u!1 &100116
GameObject:
  m_ObjectHideFlags: 0
  m_PrefabParentObject: {fileID: 0}
  m_PrefabInternal: {fileID: 100100000}
  serializedVersion: 4
  m_Component:
  - 4: {fileID: 400116}
  - 137: {fileID: 13700042}
  m_Layer: 0
  m_Name: Box013
  m_TagString: Untagged
  m_Icon: {fileID: 0}
  m_NavMeshLayer: 0
  m_StaticEditorFlags: 0
  m_IsActive: 1
--- !u!1 &100118
GameObject:
  m_ObjectHideFlags: 0
  m_PrefabParentObject: {fileID: 0}
  m_PrefabInternal: {fileID: 100100000}
  serializedVersion: 4
  m_Component:
  - 4: {fileID: 400118}
  - 137: {fileID: 13700044}
  m_Layer: 0
  m_Name: Box012
  m_TagString: Untagged
  m_Icon: {fileID: 0}
  m_NavMeshLayer: 0
  m_StaticEditorFlags: 0
  m_IsActive: 1
--- !u!1 &100120
GameObject:
  m_ObjectHideFlags: 0
  m_PrefabParentObject: {fileID: 0}
  m_PrefabInternal: {fileID: 100100000}
  serializedVersion: 4
  m_Component:
  - 4: {fileID: 400120}
  - 137: {fileID: 13700046}
  m_Layer: 0
  m_Name: Box011
  m_TagString: Untagged
  m_Icon: {fileID: 0}
  m_NavMeshLayer: 0
  m_StaticEditorFlags: 0
  m_IsActive: 1
--- !u!1 &100122
GameObject:
  m_ObjectHideFlags: 0
  m_PrefabParentObject: {fileID: 0}
  m_PrefabInternal: {fileID: 100100000}
  serializedVersion: 4
  m_Component:
  - 4: {fileID: 400122}
  - 137: {fileID: 13700048}
  m_Layer: 0
  m_Name: Box004
  m_TagString: Untagged
  m_Icon: {fileID: 0}
  m_NavMeshLayer: 0
  m_StaticEditorFlags: 0
  m_IsActive: 1
--- !u!1 &100124
GameObject:
  m_ObjectHideFlags: 0
  m_PrefabParentObject: {fileID: 0}
  m_PrefabInternal: {fileID: 100100000}
  serializedVersion: 4
  m_Component:
  - 4: {fileID: 400124}
  - 137: {fileID: 13700050}
  m_Layer: 0
  m_Name: Box003
  m_TagString: Untagged
  m_Icon: {fileID: 0}
  m_NavMeshLayer: 0
  m_StaticEditorFlags: 0
  m_IsActive: 1
--- !u!1 &100126
GameObject:
  m_ObjectHideFlags: 0
  m_PrefabParentObject: {fileID: 0}
  m_PrefabInternal: {fileID: 100100000}
  serializedVersion: 4
  m_Component:
  - 4: {fileID: 400126}
  - 137: {fileID: 13700052}
  m_Layer: 0
  m_Name: Box002
  m_TagString: Untagged
  m_Icon: {fileID: 0}
  m_NavMeshLayer: 0
  m_StaticEditorFlags: 0
  m_IsActive: 1
--- !u!1 &100128
GameObject:
  m_ObjectHideFlags: 0
  m_PrefabParentObject: {fileID: 0}
  m_PrefabInternal: {fileID: 100100000}
  serializedVersion: 4
  m_Component:
  - 4: {fileID: 400128}
  - 137: {fileID: 13700054}
  m_Layer: 0
  m_Name: Box001
  m_TagString: Untagged
  m_Icon: {fileID: 0}
  m_NavMeshLayer: 0
  m_StaticEditorFlags: 0
  m_IsActive: 1
--- !u!1 &100130
GameObject:
  m_ObjectHideFlags: 0
  m_PrefabParentObject: {fileID: 0}
  m_PrefabInternal: {fileID: 100100000}
  serializedVersion: 4
  m_Component:
  - 4: {fileID: 400130}
  - 95: {fileID: 9500000}
  - 54: {fileID: 5400000}
  - 65: {fileID: 6500000}
  - 195: {fileID: 19500000}
  - 111: {fileID: 11100000}
  - 114: {fileID: 11400000}
  m_Layer: 9
  m_Name: SK_Spiderdrone
  m_TagString: Spider
  m_Icon: {fileID: 0}
  m_NavMeshLayer: 0
  m_StaticEditorFlags: 0
  m_IsActive: 1
--- !u!4 &400000
Transform:
  m_ObjectHideFlags: 1
  m_PrefabParentObject: {fileID: 0}
  m_PrefabInternal: {fileID: 100100000}
  m_GameObject: {fileID: 100048}
  m_LocalRotation: {x: .0464740247, y: -.155068174, z: -.844687819, w: .510192633}
  m_LocalPosition: {x: -.00964818895, y: .0778811499, z: -.0267629195}
  m_LocalScale: {x: 1.00000012, y: 1.00000083, z: 1}
  m_Children: []
  m_Father: {fileID: 400072}
--- !u!4 &400002
Transform:
  m_ObjectHideFlags: 1
  m_PrefabParentObject: {fileID: 0}
  m_PrefabInternal: {fileID: 100100000}
  m_GameObject: {fileID: 100050}
  m_LocalRotation: {x: -.0464737862, y: .15506807, z: -.844687939, w: .510192454}
  m_LocalPosition: {x: -.00964817498, y: .0778811499, z: .0267629139}
  m_LocalScale: {x: 1.00000072, y: .999999881, z: 1.00000012}
  m_Children: []
  m_Father: {fileID: 400072}
--- !u!4 &400004
Transform:
  m_ObjectHideFlags: 1
  m_PrefabParentObject: {fileID: 0}
  m_PrefabInternal: {fileID: 100100000}
  m_GameObject: {fileID: 100012}
  m_LocalRotation: {x: .00493311044, y: -.00261959643, z: .462685406, w: .886504948}
  m_LocalPosition: {x: -.154990822, y: 4.7683713e-08, z: -1.14738938e-07}
  m_LocalScale: {x: 1.00000358, y: 1.00000286, z: .99999398}
  m_Children: []
  m_Father: {fileID: 400006}
--- !u!4 &400006
Transform:
  m_ObjectHideFlags: 1
  m_PrefabParentObject: {fileID: 0}
  m_PrefabInternal: {fileID: 100100000}
  m_GameObject: {fileID: 100014}
  m_LocalRotation: {x: -.00130829052, y: .0175184291, z: .410363734, w: .911752701}
  m_LocalPosition: {x: -.149973691, y: 3.09944141e-08, z: -3.38256356e-08}
  m_LocalScale: {x: .999999762, y: 1.00000358, z: .999997139}
  m_Children:
  - {fileID: 400004}
  m_Father: {fileID: 400008}
--- !u!4 &400008
Transform:
  m_ObjectHideFlags: 1
  m_PrefabParentObject: {fileID: 0}
  m_PrefabInternal: {fileID: 100100000}
  m_GameObject: {fileID: 100016}
  m_LocalRotation: {x: .715652525, y: -.296013832, z: .218163803, w: .593819797}
  m_LocalPosition: {x: .0179235358, y: .0145478556, z: -.0427274182}
  m_LocalScale: {x: 1.00000048, y: .999999881, z: 1}
  m_Children:
  - {fileID: 400006}
  m_Father: {fileID: 400072}
--- !u!4 &400010
Transform:
  m_ObjectHideFlags: 1
  m_PrefabParentObject: {fileID: 0}
  m_PrefabInternal: {fileID: 100100000}
  m_GameObject: {fileID: 100022}
  m_LocalRotation: {x: .942417204, y: -.00391113712, z: .157339945, w: .295090973}
  m_LocalPosition: {x: .0179235358, y: .0535337664, z: -.0427271985}
  m_LocalScale: {x: 1.00000036, y: 1.00000024, z: .999999881}
  m_Children:
  - {fileID: 400012}
  m_Father: {fileID: 400072}
--- !u!4 &400012
Transform:
  m_ObjectHideFlags: 1
  m_PrefabParentObject: {fileID: 0}
  m_PrefabInternal: {fileID: 100100000}
  m_GameObject: {fileID: 100020}
  m_LocalRotation: {x: -.159240678, y: -.0231134426, z: .646069765, w: .746124685}
  m_LocalPosition: {x: -.140681788, y: -3.81469718e-08, z: -2.86102289e-08}
  m_LocalScale: {x: 1.00000083, y: .99999994, z: .999999464}
  m_Children:
  - {fileID: 400014}
  m_Father: {fileID: 400010}
--- !u!4 &400014
Transform:
  m_ObjectHideFlags: 1
  m_PrefabParentObject: {fileID: 0}
  m_PrefabInternal: {fileID: 100100000}
  m_GameObject: {fileID: 100018}
  m_LocalRotation: {x: .0330463238, y: -.0761127621, z: .611638606, w: .786773801}
  m_LocalPosition: {x: -.154990911, y: 0, z: -5.72204577e-08}
  m_LocalScale: {x: 1.00000358, y: .999998689, z: .999997973}
  m_Children: []
  m_Father: {fileID: 400012}
--- !u!4 &400016
Transform:
  m_ObjectHideFlags: 1
  m_PrefabParentObject: {fileID: 0}
  m_PrefabInternal: {fileID: 100100000}
  m_GameObject: {fileID: 100006}
  m_LocalRotation: {x: .0230229404, y: .0648816228, z: .448473632, w: .891140699}
  m_LocalPosition: {x: -.15683572, y: -1.90734859e-08, z: 5.72204577e-08}
  m_LocalScale: {x: 1.00000465, y: .999986827, z: 1.00000882}
  m_Children: []
  m_Father: {fileID: 400018}
--- !u!4 &400018
Transform:
  m_ObjectHideFlags: 1
  m_PrefabParentObject: {fileID: 0}
  m_PrefabInternal: {fileID: 100100000}
  m_GameObject: {fileID: 100008}
  m_LocalRotation: {x: .012873143, y: .0669289455, z: .511484206, w: .856585503}
  m_LocalPosition: {x: -.147634134, y: -1.28746024e-07, z: 3.81469718e-08}
  m_LocalScale: {x: 1.00000072, y: .99999547, z: 1.00000465}
  m_Children:
  - {fileID: 400016}
  m_Father: {fileID: 400020}
--- !u!4 &400020
Transform:
  m_ObjectHideFlags: 1
  m_PrefabParentObject: {fileID: 0}
  m_PrefabInternal: {fileID: 100100000}
  m_GameObject: {fileID: 100010}
  m_LocalRotation: {x: .556037247, y: -.177963883, z: .228892431, w: .77894789}
  m_LocalPosition: {x: .0161406901, y: -.0233781952, z: -.0445372947}
  m_LocalScale: {x: .999999762, y: 1, z: 1.00000072}
  m_Children:
  - {fileID: 400018}
  m_Father: {fileID: 400072}
--- !u!4 &400022
Transform:
  m_ObjectHideFlags: 1
  m_PrefabParentObject: {fileID: 0}
  m_PrefabInternal: {fileID: 100100000}
  m_GameObject: {fileID: 100004}
  m_LocalRotation: {x: .0920931473, y: -.21147047, z: .384580672, w: .893810272}
  m_LocalPosition: {x: .0119862789, y: -.0410773158, z: -.0263148155}
  m_LocalScale: {x: 1.00000036, y: 1.00000048, z: .999999642}
  m_Children:
  - {fileID: 400024}
  m_Father: {fileID: 400072}
--- !u!4 &400024
Transform:
  m_ObjectHideFlags: 1
  m_PrefabParentObject: {fileID: 0}
  m_PrefabInternal: {fileID: 100100000}
  m_GameObject: {fileID: 100002}
  m_LocalRotation: {x: 4.70114486e-07, y: -1.12310254e-07, z: .29043439, w: .956894934}
  m_LocalPosition: {x: -.133612841, y: 5.72204577e-08, z: 5.96046412e-09}
  m_LocalScale: {x: 1, y: 1.00000262, z: .999998152}
  m_Children:
  - {fileID: 400026}
  m_Father: {fileID: 400022}
--- !u!4 &400026
Transform:
  m_ObjectHideFlags: 1
  m_PrefabParentObject: {fileID: 0}
  m_PrefabInternal: {fileID: 100100000}
  m_GameObject: {fileID: 100000}
  m_LocalRotation: {x: -3.42176634e-07, y: -5.51416868e-08, z: .568100452, w: .822959244}
  m_LocalPosition: {x: -.156326979, y: 5.72204577e-08, z: -5.24520871e-08}
  m_LocalScale: {x: 1.00000179, y: 1.00000298, z: .999995887}
  m_Children: []
  m_Father: {fileID: 400024}
--- !u!4 &400028
Transform:
  m_ObjectHideFlags: 1
  m_PrefabParentObject: {fileID: 0}
  m_PrefabInternal: {fileID: 100100000}
  m_GameObject: {fileID: 100032}
  m_LocalRotation: {x: -.012595159, y: -.0602288917, z: .451078624, w: .890360594}
  m_LocalPosition: {x: -.147634119, y: -8.82148754e-08, z: 1.90734859e-08}
  m_LocalScale: {x: 1.00000131, y: .999994159, z: 1.00000441}
  m_Children:
  - {fileID: 400038}
  m_Father: {fileID: 400042}
--- !u!4 &400030
Transform:
  m_ObjectHideFlags: 1
  m_PrefabParentObject: {fileID: 0}
  m_PrefabInternal: {fileID: 100100000}
  m_GameObject: {fileID: 100038}
  m_LocalRotation: {x: .000431698427, y: -.0173396859, z: .450620741, w: .892547011}
  m_LocalPosition: {x: -.149973735, y: -7.15255721e-09, z: 2.503395e-08}
  m_LocalScale: {x: 1.00000024, y: 1.00000334, z: .999997199}
  m_Children:
  - {fileID: 400036}
  m_Father: {fileID: 400040}
--- !u!4 &400032
Transform:
  m_ObjectHideFlags: 1
  m_PrefabParentObject: {fileID: 0}
  m_PrefabInternal: {fileID: 100100000}
  m_GameObject: {fileID: 100044}
  m_LocalRotation: {x: .176356912, y: .021783242, z: .473419547, w: .862726867}
  m_LocalPosition: {x: -.140681803, y: -9.89437083e-08, z: -2.38418565e-08}
  m_LocalScale: {x: 1, y: 1.00000143, z: .999998987}
  m_Children:
  - {fileID: 400034}
  m_Father: {fileID: 400050}
--- !u!4 &400034
Transform:
  m_ObjectHideFlags: 1
  m_PrefabParentObject: {fileID: 0}
  m_PrefabInternal: {fileID: 100100000}
  m_GameObject: {fileID: 100042}
  m_LocalRotation: {x: -.0189481452, y: .0317684673, z: .474602133, w: .879422903}
  m_LocalPosition: {x: -.154990971, y: 2.86102289e-08, z: 1.43051144e-08}
  m_LocalScale: {x: 1.00000203, y: 1.00000072, z: .999997616}
  m_Children: []
  m_Father: {fileID: 400032}
--- !u!4 &400036
Transform:
  m_ObjectHideFlags: 1
  m_PrefabParentObject: {fileID: 0}
  m_PrefabInternal: {fileID: 100100000}
  m_GameObject: {fileID: 100036}
  m_LocalRotation: {x: -.00109556841, y: .000240244539, z: .501722991, w: .865027606}
  m_LocalPosition: {x: -.154990882, y: 5.72204577e-08, z: 7.73370274e-08}
  m_LocalScale: {x: 1.00000429, y: 1.00000203, z: .999993563}
  m_Children: []
  m_Father: {fileID: 400030}
--- !u!4 &400038
Transform:
  m_ObjectHideFlags: 1
  m_PrefabParentObject: {fileID: 0}
  m_PrefabInternal: {fileID: 100100000}
  m_GameObject: {fileID: 100030}
  m_LocalRotation: {x: -.0250629988, y: -.0549153239, z: .400730371, w: .914205313}
  m_LocalPosition: {x: -.156835675, y: -1.33514405e-07, z: 4.58955753e-08}
  m_LocalScale: {x: 1.00000441, y: .999986827, z: 1.00000906}
  m_Children: []
  m_Father: {fileID: 400028}
--- !u!4 &400040
Transform:
  m_ObjectHideFlags: 1
  m_PrefabParentObject: {fileID: 0}
  m_PrefabInternal: {fileID: 100100000}
  m_GameObject: {fileID: 100040}
  m_LocalRotation: {x: -.772104383, y: .268184483, z: .179942057, w: .547314167}
  m_LocalPosition: {x: .0179235451, y: .0145478528, z: .0427274257}
  m_LocalScale: {x: 1.00000048, y: 1, z: .999999821}
  m_Children:
  - {fileID: 400030}
  m_Father: {fileID: 400072}
--- !u!4 &400042
Transform:
  m_ObjectHideFlags: 1
  m_PrefabParentObject: {fileID: 0}
  m_PrefabInternal: {fileID: 100100000}
  m_GameObject: {fileID: 100034}
  m_LocalRotation: {x: -.586847663, y: .27317518, z: .236273453, w: .724679232}
  m_LocalPosition: {x: .0161407031, y: -.0233781952, z: .0445372984}
  m_LocalScale: {x: 1.00000083, y: 1.00000012, z: .999999762}
  m_Children:
  - {fileID: 400028}
  m_Father: {fileID: 400072}
--- !u!4 &400044
Transform:
  m_ObjectHideFlags: 1
  m_PrefabParentObject: {fileID: 0}
  m_PrefabInternal: {fileID: 100100000}
  m_GameObject: {fileID: 100028}
  m_LocalRotation: {x: -.380040944, y: .429051906, z: .156464919, w: .804364383}
  m_LocalPosition: {x: .0119862789, y: -.0410773158, z: .0263148304}
  m_LocalScale: {x: 1, y: 1.00000048, z: 1}
  m_Children:
  - {fileID: 400048}
  m_Father: {fileID: 400072}
--- !u!4 &400046
Transform:
  m_ObjectHideFlags: 1
  m_PrefabParentObject: {fileID: 0}
  m_PrefabInternal: {fileID: 100100000}
  m_GameObject: {fileID: 100024}
  m_LocalRotation: {x: 1.3096674e-07, y: -5.46695446e-07, z: .745647132, w: .666341066}
  m_LocalPosition: {x: -.156326875, y: 1.90734859e-08, z: -1.43051144e-08}
  m_LocalScale: {x: .999990046, y: 1.00000501, z: 1.00000572}
  m_Children: []
  m_Father: {fileID: 400048}
--- !u!4 &400048
Transform:
  m_ObjectHideFlags: 1
  m_PrefabParentObject: {fileID: 0}
  m_PrefabInternal: {fileID: 100100000}
  m_GameObject: {fileID: 100026}
  m_LocalRotation: {x: -6.65051729e-08, y: -6.8550861e-07, z: .43430841, w: .900764287}
  m_LocalPosition: {x: -.133612826, y: 1.31130221e-07, z: -3.33786012e-08}
  m_LocalScale: {x: .999996662, y: 1.00000083, z: 1.00000298}
  m_Children:
  - {fileID: 400046}
  m_Father: {fileID: 400044}
--- !u!4 &400050
Transform:
  m_ObjectHideFlags: 1
  m_PrefabParentObject: {fileID: 0}
  m_PrefabInternal: {fileID: 100100000}
  m_GameObject: {fileID: 100046}
  m_LocalRotation: {x: .947471201, y: -.201803714, z: -.239937991, w: .0632726848}
  m_LocalPosition: {x: .0179235507, y: .0535337664, z: .0427272059}
  m_LocalScale: {x: 1, y: 1.00000024, z: 1.00000012}
  m_Children:
  - {fileID: 400032}
  m_Father: {fileID: 400072}
--- !u!4 &400052
Transform:
  m_ObjectHideFlags: 1
  m_PrefabParentObject: {fileID: 0}
  m_PrefabInternal: {fileID: 100100000}
  m_GameObject: {fileID: 100052}
  m_LocalRotation: {x: -3.9732825e-08, y: -2.69923621e-08, z: .722224772, w: .691658437}
  m_LocalPosition: {x: -4.76837148e-09, y: -.0655281991, z: 1.13248824e-08}
  m_LocalScale: {x: 1.00000024, y: 1.00000024, z: 1.00000012}
  m_Children: []
  m_Father: {fileID: 400072}
--- !u!4 &400054
Transform:
  m_ObjectHideFlags: 1
  m_PrefabParentObject: {fileID: 0}
  m_PrefabInternal: {fileID: 100100000}
  m_GameObject: {fileID: 100054}
  m_LocalRotation: {x: .489046454, y: -.510717392, z: -.489047796, w: .510718703}
  m_LocalPosition: {x: .188443959, y: .0351851545, z: -.320754796}
  m_LocalScale: {x: .999999881, y: .999999821, z: .99999994}
  m_Children: []
  m_Father: {fileID: 400130}
--- !u!4 &400056
Transform:
  m_ObjectHideFlags: 1
  m_PrefabParentObject: {fileID: 0}
  m_PrefabInternal: {fileID: 100100000}
  m_GameObject: {fileID: 100056}
  m_LocalRotation: {x: .337403446, y: -.337403446, z: -.621416867, w: .621416867}
  m_LocalPosition: {x: .365728825, y: -1.54793707e-08, z: -.102106914}
  m_LocalScale: {x: 1, y: 1, z: 1}
  m_Children: []
  m_Father: {fileID: 400130}
--- !u!4 &400058
Transform:
  m_ObjectHideFlags: 1
  m_PrefabParentObject: {fileID: 0}
  m_PrefabInternal: {fileID: 100100000}
  m_GameObject: {fileID: 100058}
  m_LocalRotation: {x: .50000006, y: -.50000006, z: -.49999994, w: .49999994}
  m_LocalPosition: {x: .372032613, y: 2.37404905e-08, z: .13862285}
  m_LocalScale: {x: 1, y: 1, z: 1}
  m_Children: []
  m_Father: {fileID: 400130}
--- !u!4 &400060
Transform:
  m_ObjectHideFlags: 1
  m_PrefabParentObject: {fileID: 0}
  m_PrefabInternal: {fileID: 100100000}
  m_GameObject: {fileID: 100060}
  m_LocalRotation: {x: -.578955948, y: .405967802, z: .578956127, w: -.405967891}
  m_LocalPosition: {x: .166181967, y: .00910209492, z: .22915782}
  m_LocalScale: {x: 1, y: 1.00000024, z: 1}
  m_Children: []
  m_Father: {fileID: 400130}
--- !u!4 &400062
Transform:
  m_ObjectHideFlags: 1
  m_PrefabParentObject: {fileID: 0}
  m_PrefabInternal: {fileID: 100100000}
  m_GameObject: {fileID: 100062}
  m_LocalRotation: {x: .455405951, y: -.540930808, z: -.455405295, w: .540930033}
  m_LocalPosition: {x: -.18318741, y: .00628540479, z: -.202097729}
  m_LocalScale: {x: 1, y: 1.00000024, z: 1}
  m_Children: []
  m_Father: {fileID: 400130}
--- !u!4 &400064
Transform:
  m_ObjectHideFlags: 1
  m_PrefabParentObject: {fileID: 0}
  m_PrefabInternal: {fileID: 100100000}
  m_GameObject: {fileID: 100064}
  m_LocalRotation: {x: .621416926, y: -.621416926, z: -.337403357, w: .337403357}
  m_LocalPosition: {x: -.366619915, y: -2.9991547e-08, z: -.191182226}
  m_LocalScale: {x: 1, y: 1.00000012, z: 1.00000012}
  m_Children: []
  m_Father: {fileID: 400130}
--- !u!4 &400066
Transform:
  m_ObjectHideFlags: 1
  m_PrefabParentObject: {fileID: 0}
  m_PrefabInternal: {fileID: 100100000}
  m_GameObject: {fileID: 100066}
  m_LocalRotation: {x: .540206075, y: -.456264973, z: -.540205777, w: .456264615}
  m_LocalPosition: {x: -.372923762, y: .00223521795, z: .0497358255}
  m_LocalScale: {x: 1, y: .99999994, z: .99999994}
  m_Children: []
  m_Father: {fileID: 400130}
--- !u!4 &400068
Transform:
  m_ObjectHideFlags: 1
  m_PrefabParentObject: {fileID: 0}
  m_PrefabInternal: {fileID: 100100000}
  m_GameObject: {fileID: 100068}
  m_LocalRotation: {x: .551497281, y: -.442550272, z: -.551497281, w: .442550272}
  m_LocalPosition: {x: -.173144773, y: .0363158621, z: .347372949}
  m_LocalScale: {x: 1.00000012, y: 1.00000012, z: 1}
  m_Children: []
  m_Father: {fileID: 400130}
--- !u!4 &400070
Transform:
  m_ObjectHideFlags: 1
  m_PrefabParentObject: {fileID: 0}
  m_PrefabInternal: {fileID: 100100000}
  m_GameObject: {fileID: 100070}
  m_LocalRotation: {x: .499999911, y: -.499999911, z: -.500000119, w: .500000119}
  m_LocalPosition: {x: -.000445553364, y: .0746793151, z: -.00709533738}
  m_LocalScale: {x: 1, y: 1, z: 1}
  m_Children: []
  m_Father: {fileID: 400130}
--- !u!4 &400072
Transform:
  m_ObjectHideFlags: 1
  m_PrefabParentObject: {fileID: 0}
  m_PrefabInternal: {fileID: 100100000}
  m_GameObject: {fileID: 100072}
  m_LocalRotation: {x: .541675329, y: -.541675329, z: -.454519421, w: .454519421}
  m_LocalPosition: {x: -.000445551239, y: .0613180324, z: -.00709534623}
  m_LocalScale: {x: 1.00000012, y: 1.00000012, z: 1.00000012}
  m_Children:
  - {fileID: 400052}
  - {fileID: 400002}
  - {fileID: 400000}
  - {fileID: 400050}
  - {fileID: 400040}
  - {fileID: 400042}
  - {fileID: 400044}
  - {fileID: 400010}
  - {fileID: 400008}
  - {fileID: 400020}
  - {fileID: 400022}
  m_Father: {fileID: 400130}
--- !u!4 &400074
Transform:
  m_ObjectHideFlags: 1
  m_PrefabParentObject: {fileID: 0}
  m_PrefabInternal: {fileID: 100100000}
  m_GameObject: {fileID: 100074}
  m_LocalRotation: {x: .50000006, y: -.50000006, z: -.49999997, w: .49999997}
  m_LocalPosition: {x: -.000445556623, y: 0, z: -.00709533691}
  m_LocalScale: {x: 1, y: 1, z: 1}
  m_Children: []
  m_Father: {fileID: 400130}
--- !u!4 &400076
Transform:
  m_ObjectHideFlags: 1
  m_PrefabParentObject: {fileID: 0}
  m_PrefabInternal: {fileID: 100100000}
  m_GameObject: {fileID: 100076}
  m_LocalRotation: {x: -.623143375, y: -.0664767921, z: .731737375, w: .268018156}
  m_LocalPosition: {x: .0263173338, y: .0843275785, z: .0707857832}
  m_LocalScale: {x: .999999642, y: .999999881, z: 1.00000012}
  m_Children: []
  m_Father: {fileID: 400130}
--- !u!4 &400078
Transform:
  m_ObjectHideFlags: 1
  m_PrefabParentObject: {fileID: 0}
  m_PrefabInternal: {fileID: 100100000}
  m_GameObject: {fileID: 100078}
  m_LocalRotation: {x: .731737375, y: .268018812, z: -.623143017, w: -.0664767921}
  m_LocalPosition: {x: -.02720844, y: .0843275115, z: .0707857758}
  m_LocalScale: {x: 1.00000012, y: .999999881, z: 1.00000024}
  m_Children: []
  m_Father: {fileID: 400130}
--- !u!4 &400080
Transform:
  m_ObjectHideFlags: 1
  m_PrefabParentObject: {fileID: 0}
  m_PrefabInternal: {fileID: 100100000}
  m_GameObject: {fileID: 100080}
  m_LocalRotation: {x: .437468231, y: .868683636, z: .0451809131, w: .227967158}
  m_LocalPosition: {x: .280597687, y: .139075965, z: .119460076}
  m_LocalScale: {x: .99999994, y: 1.00000012, z: 1.00000012}
  m_Children: []
  m_Father: {fileID: 400130}
--- !u!4 &400082
Transform:
  m_ObjectHideFlags: 1
  m_PrefabParentObject: {fileID: 0}
  m_PrefabInternal: {fileID: 100100000}
  m_GameObject: {fileID: 100082}
  m_LocalRotation: {x: .0770428777, y: .968557477, z: -.0469632372, w: .231851771}
  m_LocalPosition: {x: .144109786, y: .158831596, z: .0487285033}
  m_LocalScale: {x: 1.00000036, y: .99999994, z: 1.00000012}
  m_Children: []
  m_Father: {fileID: 400130}
--- !u!4 &400084
Transform:
  m_ObjectHideFlags: 1
  m_PrefabParentObject: {fileID: 0}
  m_PrefabInternal: {fileID: 100100000}
  m_GameObject: {fileID: 100084}
  m_LocalRotation: {x: -.343329519, y: .904935241, z: -.143451363, w: .20649153}
  m_LocalPosition: {x: .0422818586, y: .0567557737, z: .00745250983}
  m_LocalScale: {x: 1, y: .99999994, z: .999999881}
  m_Children: []
  m_Father: {fileID: 400130}
--- !u!4 &400086
Transform:
  m_ObjectHideFlags: 1
  m_PrefabParentObject: {fileID: 0}
  m_PrefabInternal: {fileID: 100100000}
  m_GameObject: {fileID: 100086}
  m_LocalRotation: {x: -.127738371, y: .760700583, z: -.374159813, w: .514802873}
  m_LocalPosition: {x: .0422816202, y: .0567557812, z: .0464384109}
  m_LocalScale: {x: 1.00000012, y: 1, z: 1.00000012}
  m_Children: []
  m_Father: {fileID: 400130}
--- !u!4 &400088
Transform:
  m_ObjectHideFlags: 1
  m_PrefabParentObject: {fileID: 0}
  m_PrefabInternal: {fileID: 100100000}
  m_GameObject: {fileID: 100088}
  m_LocalRotation: {x: .0650461987, y: .789347351, z: -.00839251373, w: .610433698}
  m_LocalPosition: {x: .103804842, y: .13829191, z: .143175811}
  m_LocalScale: {x: .999999881, y: 1.00000024, z: 1}
  m_Children: []
  m_Father: {fileID: 400130}
--- !u!4 &400090
Transform:
  m_ObjectHideFlags: 1
  m_PrefabParentObject: {fileID: 0}
  m_PrefabInternal: {fileID: 100100000}
  m_GameObject: {fileID: 100090}
  m_LocalRotation: {x: .323045284, y: .725284219, z: .197624147, w: .574934244}
  m_LocalPosition: {x: .141975969, y: .123964258, z: .29270798}
  m_LocalScale: {x: .999999881, y: 1, z: 1.00000012}
  m_Children: []
  m_Father: {fileID: 400130}
--- !u!4 &400092
Transform:
  m_ObjectHideFlags: 1
  m_PrefabParentObject: {fileID: 0}
  m_PrefabInternal: {fileID: 100100000}
  m_GameObject: {fileID: 100092}
  m_LocalRotation: {x: .388361335, y: .855668783, z: -.165853649, w: -.299163759}
  m_LocalPosition: {x: .273206145, y: .136080354, z: -.167462081}
  m_LocalScale: {x: 1, y: 1, z: .999999702}
  m_Children: []
  m_Father: {fileID: 400130}
--- !u!4 &400094
Transform:
  m_ObjectHideFlags: 1
  m_PrefabParentObject: {fileID: 0}
  m_PrefabInternal: {fileID: 100100000}
  m_GameObject: {fileID: 100094}
  m_LocalRotation: {x: .0518346466, y: .955544949, z: -.0393573791, w: -.287572622}
  m_LocalPosition: {x: .143153653, y: .15516679, z: -.0819085687}
  m_LocalScale: {x: .99999994, y: .99999994, z: .999999821}
  m_Children: []
  m_Father: {fileID: 400130}
--- !u!4 &400096
Transform:
  m_ObjectHideFlags: 1
  m_PrefabParentObject: {fileID: 0}
  m_PrefabInternal: {fileID: 100100000}
  m_GameObject: {fileID: 100096}
  m_LocalRotation: {x: -.340080529, y: .90887028, z: .079703249, w: -.227919772}
  m_LocalPosition: {x: .0440917388, y: .0585386157, z: -.0304735303}
  m_LocalScale: {x: .999999881, y: .999999881, z: .999999821}
  m_Children: []
  m_Father: {fileID: 400130}
--- !u!4 &400098
Transform:
  m_ObjectHideFlags: 1
  m_PrefabParentObject: {fileID: 0}
  m_PrefabInternal: {fileID: 100100000}
  m_GameObject: {fileID: 100098}
  m_LocalRotation: {x: .107931003, y: -.839075923, z: -.162314981, w: .507894158}
  m_LocalPosition: {x: .0258692633, y: .0626930296, z: -.048172649}
  m_LocalScale: {x: 1.00000012, y: .999999881, z: 1}
  m_Children: []
  m_Father: {fileID: 400130}
--- !u!4 &400100
Transform:
  m_ObjectHideFlags: 1
  m_PrefabParentObject: {fileID: 0}
  m_PrefabInternal: {fileID: 100100000}
  m_GameObject: {fileID: 100100}
  m_LocalRotation: {x: -.0924782157, y: -.840919495, z: -.0382852294, w: .531823695}
  m_LocalPosition: {x: .0874365568, y: .108923316, z: -.157372504}
  m_LocalScale: {x: 1.00000024, y: 1, z: 1.00000036}
  m_Children: []
  m_Father: {fileID: 400130}
--- !u!4 &400102
Transform:
  m_ObjectHideFlags: 1
  m_PrefabParentObject: {fileID: 0}
  m_PrefabInternal: {fileID: 100100000}
  m_GameObject: {fileID: 100102}
  m_LocalRotation: {x: -.354225308, y: -.768259823, z: .132240742, w: .51654011}
  m_LocalPosition: {x: .15265958, y: .0909751579, z: -.298305064}
  m_LocalScale: {x: .999999881, y: .99999994, z: 1.00000012}
  m_Children: []
  m_Father: {fileID: 400130}
--- !u!4 &400104
Transform:
  m_ObjectHideFlags: 1
  m_PrefabParentObject: {fileID: 0}
  m_PrefabInternal: {fileID: 100100000}
  m_GameObject: {fileID: 100104}
  m_LocalRotation: {x: -.0393577144, y: -.287572771, z: .0518348031, w: .955544889}
  m_LocalPosition: {x: -.144044846, y: .15516679, z: -.0819085389}
  m_LocalScale: {x: 1.00000036, y: .999999344, z: 1.00000024}
  m_Children: []
  m_Father: {fileID: 400130}
--- !u!4 &400106
Transform:
  m_ObjectHideFlags: 1
  m_PrefabParentObject: {fileID: 0}
  m_PrefabInternal: {fileID: 100100000}
  m_GameObject: {fileID: 100106}
  m_LocalRotation: {x: -.0469629467, y: .231851503, z: .0770427287, w: .968557596}
  m_LocalPosition: {x: -.145000935, y: .158831611, z: .0487284176}
  m_LocalScale: {x: .999999762, y: 1.00000012, z: 1}
  m_Children: []
  m_Father: {fileID: 400130}
--- !u!4 &400108
Transform:
  m_ObjectHideFlags: 1
  m_PrefabParentObject: {fileID: 0}
  m_PrefabInternal: {fileID: 100100000}
  m_GameObject: {fileID: 100108}
  m_LocalRotation: {x: -.00839157961, y: .610433936, z: .06504713, w: .789347112}
  m_LocalPosition: {x: -.104696006, y: .13829197, z: .143175751}
  m_LocalScale: {x: 1, y: .99999994, z: 1.00000012}
  m_Children: []
  m_Father: {fileID: 400130}
--- !u!4 &400110
Transform:
  m_ObjectHideFlags: 1
  m_PrefabParentObject: {fileID: 0}
  m_PrefabInternal: {fileID: 100100000}
  m_GameObject: {fileID: 100110}
  m_LocalRotation: {x: .197624385, y: .574934304, z: .323044777, w: .725284219}
  m_LocalPosition: {x: -.142867029, y: .123964034, z: .29270789}
  m_LocalScale: {x: 1.00000024, y: 1.00000036, z: 1.00000024}
  m_Children: []
  m_Father: {fileID: 400130}
--- !u!4 &400112
Transform:
  m_ObjectHideFlags: 1
  m_PrefabParentObject: {fileID: 0}
  m_PrefabInternal: {fileID: 100100000}
  m_GameObject: {fileID: 100112}
  m_LocalRotation: {x: .045180209, y: .227971777, z: .43747288, w: .86868012}
  m_LocalPosition: {x: -.281488806, y: .13907595, z: .119459935}
  m_LocalScale: {x: .999999881, y: 1.00000024, z: .999999881}
  m_Children: []
  m_Father: {fileID: 400130}
--- !u!4 &400114
Transform:
  m_ObjectHideFlags: 1
  m_PrefabParentObject: {fileID: 0}
  m_PrefabInternal: {fileID: 100100000}
  m_GameObject: {fileID: 100114}
  m_LocalRotation: {x: -.165853977, y: -.299164355, z: .388361305, w: .855668545}
  m_LocalPosition: {x: -.274097264, y: .136080325, z: -.167462081}
  m_LocalScale: {x: 1, y: .999999821, z: 1.00000036}
  m_Children: []
  m_Father: {fileID: 400130}
--- !u!4 &400116
Transform:
  m_ObjectHideFlags: 1
  m_PrefabParentObject: {fileID: 0}
  m_PrefabInternal: {fileID: 100100000}
  m_GameObject: {fileID: 100116}
  m_LocalRotation: {x: -.143450826, y: .206490979, z: -.343329668, w: .90493542}
  m_LocalPosition: {x: -.0431729779, y: .0567557812, z: .00745249121}
  m_LocalScale: {x: 1, y: .99999994, z: 1.00000012}
  m_Children: []
  m_Father: {fileID: 400130}
--- !u!4 &400118
Transform:
  m_ObjectHideFlags: 1
  m_PrefabParentObject: {fileID: 0}
  m_PrefabInternal: {fileID: 100100000}
  m_GameObject: {fileID: 100118}
  m_LocalRotation: {x: .0889347717, y: -.224506527, z: -.337784052, w: .909719408}
  m_LocalPosition: {x: -.0449828319, y: .0585386306, z: -.0304735471}
  m_LocalScale: {x: 1.00000024, y: .99999994, z: .999999762}
  m_Children: []
  m_Father: {fileID: 400130}
--- !u!4 &400120
Transform:
  m_ObjectHideFlags: 1
  m_PrefabParentObject: {fileID: 0}
  m_PrefabInternal: {fileID: 100100000}
  m_GameObject: {fileID: 100120}
  m_LocalRotation: {x: .162315041, y: -.507894158, z: -.107930772, w: .839075863}
  m_LocalPosition: {x: -.0267603658, y: .0626930296, z: -.048172649}
  m_LocalScale: {x: .99999994, y: 1, z: .999999821}
  m_Children: []
  m_Father: {fileID: 400130}
--- !u!4 &400122
Transform:
  m_ObjectHideFlags: 1
  m_PrefabParentObject: {fileID: 0}
  m_PrefabInternal: {fileID: 100100000}
  m_GameObject: {fileID: 100122}
  m_LocalRotation: {x: -.132239386, y: -.516540349, z: .354223758, w: .768260598}
  m_LocalPosition: {x: -.153550535, y: .0909748822, z: -.298305035}
  m_LocalScale: {x: 1, y: .999999821, z: 1.00000024}
  m_Children: []
  m_Father: {fileID: 400130}
--- !u!4 &400124
Transform:
  m_ObjectHideFlags: 1
  m_PrefabParentObject: {fileID: 0}
  m_PrefabInternal: {fileID: 100100000}
  m_GameObject: {fileID: 100124}
  m_LocalRotation: {x: .0382848047, y: -.531823754, z: .0924789086, w: .840919375}
  m_LocalPosition: {x: -.088327609, y: .108923331, z: -.157372549}
  m_LocalScale: {x: 1, y: 1.00000012, z: 1.00000024}
  m_Children: []
  m_Father: {fileID: 400130}
--- !u!4 &400126
Transform:
  m_ObjectHideFlags: 1
  m_PrefabParentObject: {fileID: 0}
  m_PrefabInternal: {fileID: 100100000}
  m_GameObject: {fileID: 100126}
  m_LocalRotation: {x: -.374159992, y: .514802873, z: -.127738863, w: .760700464}
  m_LocalPosition: {x: -.0431727655, y: .0567557923, z: .0464384109}
  m_LocalScale: {x: .99999994, y: .99999994, z: 1.00000012}
  m_Children: []
  m_Father: {fileID: 400130}
--- !u!4 &400128
Transform:
  m_ObjectHideFlags: 1
  m_PrefabParentObject: {fileID: 0}
  m_PrefabInternal: {fileID: 100100000}
  m_GameObject: {fileID: 100128}
  m_LocalRotation: {x: -.0152833071, y: -.706941664, z: .0152835036, w: .706941545}
  m_LocalPosition: {x: -.000445553364, y: .0746793151, z: -.0726235136}
  m_LocalScale: {x: 1, y: 1, z: 1}
  m_Children: []
  m_Father: {fileID: 400130}
--- !u!4 &400130
Transform:
  m_ObjectHideFlags: 1
  m_PrefabParentObject: {fileID: 0}
  m_PrefabInternal: {fileID: 100100000}
  m_GameObject: {fileID: 100130}
  m_LocalRotation: {x: 0, y: 0, z: 0, w: 1}
  m_LocalPosition: {x: -2.14256668, y: .828888237, z: 67.3398895}
  m_LocalScale: {x: 1, y: 1, z: 1}
  m_Children:
  - {fileID: 400128}
  - {fileID: 400126}
  - {fileID: 400124}
  - {fileID: 400122}
  - {fileID: 400120}
  - {fileID: 400118}
  - {fileID: 400116}
  - {fileID: 400114}
  - {fileID: 400112}
  - {fileID: 400110}
  - {fileID: 400108}
  - {fileID: 400106}
  - {fileID: 400104}
  - {fileID: 400102}
  - {fileID: 400100}
  - {fileID: 400098}
  - {fileID: 400096}
  - {fileID: 400094}
  - {fileID: 400092}
  - {fileID: 400090}
  - {fileID: 400088}
  - {fileID: 400086}
  - {fileID: 400084}
  - {fileID: 400082}
  - {fileID: 400080}
  - {fileID: 400078}
  - {fileID: 400076}
  - {fileID: 400074}
  - {fileID: 400072}
  - {fileID: 400070}
  - {fileID: 400068}
  - {fileID: 400066}
  - {fileID: 400064}
  - {fileID: 400062}
  - {fileID: 400060}
  - {fileID: 400058}
  - {fileID: 400056}
  - {fileID: 400054}
  m_Father: {fileID: 0}
--- !u!54 &5400000
Rigidbody:
  m_ObjectHideFlags: 1
  m_PrefabParentObject: {fileID: 0}
  m_PrefabInternal: {fileID: 100100000}
  m_GameObject: {fileID: 100130}
  serializedVersion: 2
  m_Mass: 1
  m_Drag: 0
  m_AngularDrag: .0500000007
  m_UseGravity: 1
  m_IsKinematic: 0
  m_Interpolate: 0
  m_Constraints: 0
  m_CollisionDetection: 0
--- !u!65 &6500000
BoxCollider:
  m_ObjectHideFlags: 1
  m_PrefabParentObject: {fileID: 0}
  m_PrefabInternal: {fileID: 100100000}
  m_GameObject: {fileID: 100130}
  m_Material: {fileID: 0}
  m_IsTrigger: 0
  m_Enabled: 1
  serializedVersion: 2
  m_Size: {x: .699999988, y: .200000003, z: .75}
  m_Center: {x: 0, y: .0900000036, z: 0}
--- !u!95 &9500000
Animator:
  serializedVersion: 2
  m_ObjectHideFlags: 1
  m_PrefabParentObject: {fileID: 0}
  m_PrefabInternal: {fileID: 100100000}
  m_GameObject: {fileID: 100130}
  m_Enabled: 1
  m_Avatar: {fileID: 9000000, guid: 4907a0f7362e1d443845e45d0a5cf40d, type: 3}
  m_Controller: {fileID: 0}
  m_CullingMode: 1
  m_ApplyRootMotion: 1
  m_AnimatePhysics: 0
  m_HasTransformHierarchy: 1
--- !u!111 &11100000
Animation:
  m_ObjectHideFlags: 1
  m_PrefabParentObject: {fileID: 0}
  m_PrefabInternal: {fileID: 100100000}
  m_GameObject: {fileID: 100130}
  m_Enabled: 1
  serializedVersion: 3
  m_Animation: {fileID: 7400000, guid: 4907a0f7362e1d443845e45d0a5cf40d, type: 3}
  m_Animations: []
  m_WrapMode: 0
  m_PlayAutomatically: 1
  m_AnimatePhysics: 0
  m_CullingType: 0
--- !u!114 &11400000
MonoBehaviour:
  m_ObjectHideFlags: 1
  m_PrefabParentObject: {fileID: 0}
  m_PrefabInternal: {fileID: 100100000}
  m_GameObject: {fileID: 100130}
  m_Enabled: 1
  m_EditorHideFlags: 0
  m_Script: {fileID: 11500000, guid: 6c98e9d0306aadb44bd566f429a08674, type: 3}
  m_Name: 
  m_EditorClassIdentifier: 
  speed: 2
  player: {fileID: 0}
  spiderEnemy: {fileID: 0}
  testRoom: {fileID: 0}
--- !u!137 &13700000
SkinnedMeshRenderer:
  m_ObjectHideFlags: 1
  m_PrefabParentObject: {fileID: 0}
  m_PrefabInternal: {fileID: 100100000}
  m_GameObject: {fileID: 100070}
  m_Enabled: 1
  m_CastShadows: 1
  m_ReceiveShadows: 1
  m_LightmapIndex: 255
  m_LightmapTilingOffset: {x: 1, y: 1, z: 0, w: 0}
  m_Materials:
  - {fileID: 2100000, guid: 3172e5a5aaa3e944484322732f81aead, type: 2}
  m_SubsetIndices: 
  m_StaticBatchRoot: {fileID: 0}
  m_UseLightProbes: 0
  m_LightProbeAnchor: {fileID: 0}
  m_ScaleInLightmap: 1
  m_SortingLayer: 0
  m_SortingOrder: 0
  m_SortingLayerID: 0
  serializedVersion: 2
  m_Quality: 0
  m_UpdateWhenOffscreen: 0
  m_Mesh: {fileID: 4300116, guid: 4907a0f7362e1d443845e45d0a5cf40d, type: 3}
  m_Bones:
  - {fileID: 400072}
  m_BlendShapeWeights: []
  m_RootBone: {fileID: 400072}
  m_AABB:
    m_Center: {x: -.00530416705, y: 1.49011612e-08, z: -1.11758709e-08}
    m_Extent: {x: .0292342063, y: .0780188069, z: .0569148213}
  m_DirtyAABB: 0
--- !u!137 &13700002
SkinnedMeshRenderer:
  m_ObjectHideFlags: 1
  m_PrefabParentObject: {fileID: 0}
  m_PrefabInternal: {fileID: 100100000}
  m_GameObject: {fileID: 100076}
  m_Enabled: 1
  m_CastShadows: 1
  m_ReceiveShadows: 1
  m_LightmapIndex: 255
  m_LightmapTilingOffset: {x: 1, y: 1, z: 0, w: 0}
  m_Materials:
  - {fileID: 2100000, guid: 3172e5a5aaa3e944484322732f81aead, type: 2}
  m_SubsetIndices: 
  m_StaticBatchRoot: {fileID: 0}
  m_UseLightProbes: 0
  m_LightProbeAnchor: {fileID: 0}
  m_ScaleInLightmap: 1
  m_SortingLayer: 0
  m_SortingOrder: 0
  m_SortingLayerID: 0
  serializedVersion: 2
  m_Quality: 0
  m_UpdateWhenOffscreen: 0
  m_Mesh: {fileID: 4300010, guid: 4907a0f7362e1d443845e45d0a5cf40d, type: 3}
  m_Bones:
  - {fileID: 400000}
  m_BlendShapeWeights: []
  m_RootBone: {fileID: 400000}
  m_AABB:
    m_Center: {x: -.0338302031, y: .0255030952, z: 7.4505806e-09}
    m_Extent: {x: .033830218, y: .0375354923, z: .0107802562}
  m_DirtyAABB: 0
--- !u!137 &13700004
SkinnedMeshRenderer:
  m_ObjectHideFlags: 1
  m_PrefabParentObject: {fileID: 0}
  m_PrefabInternal: {fileID: 100100000}
  m_GameObject: {fileID: 100078}
  m_Enabled: 1
  m_CastShadows: 1
  m_ReceiveShadows: 1
  m_LightmapIndex: 255
  m_LightmapTilingOffset: {x: 1, y: 1, z: 0, w: 0}
  m_Materials:
  - {fileID: 2100000, guid: 3172e5a5aaa3e944484322732f81aead, type: 2}
  m_SubsetIndices: 
  m_StaticBatchRoot: {fileID: 0}
  m_UseLightProbes: 0
  m_LightProbeAnchor: {fileID: 0}
  m_ScaleInLightmap: 1
  m_SortingLayer: 0
  m_SortingOrder: 0
  m_SortingLayerID: 0
  serializedVersion: 2
  m_Quality: 0
  m_UpdateWhenOffscreen: 0
  m_Mesh: {fileID: 4300006, guid: 4907a0f7362e1d443845e45d0a5cf40d, type: 3}
  m_Bones:
  - {fileID: 400002}
  m_BlendShapeWeights: []
  m_RootBone: {fileID: 400002}
  m_AABB:
    m_Center: {x: -.033830218, y: .0255031697, z: -3.81842256e-08}
    m_Extent: {x: .0338302106, y: .0375354849, z: .0107802376}
  m_DirtyAABB: 0
--- !u!137 &13700006
SkinnedMeshRenderer:
  m_ObjectHideFlags: 1
  m_PrefabParentObject: {fileID: 0}
  m_PrefabInternal: {fileID: 100100000}
  m_GameObject: {fileID: 100080}
  m_Enabled: 1
  m_CastShadows: 1
  m_ReceiveShadows: 1
  m_LightmapIndex: 255
  m_LightmapTilingOffset: {x: 1, y: 1, z: 0, w: 0}
  m_Materials:
  - {fileID: 2100000, guid: 3172e5a5aaa3e944484322732f81aead, type: 2}
  m_SubsetIndices: 
  m_StaticBatchRoot: {fileID: 0}
  m_UseLightProbes: 0
  m_LightProbeAnchor: {fileID: 0}
  m_ScaleInLightmap: 1
  m_SortingLayer: 0
  m_SortingOrder: 0
  m_SortingLayerID: 0
  serializedVersion: 2
  m_Quality: 0
  m_UpdateWhenOffscreen: 0
  m_Mesh: {fileID: 4300030, guid: 4907a0f7362e1d443845e45d0a5cf40d, type: 3}
  m_Bones:
  - {fileID: 400004}
  m_BlendShapeWeights: []
  m_RootBone: {fileID: 400004}
  m_AABB:
    m_Center: {x: -.0836309791, y: 8.6100772e-06, z: 9.27783549e-06}
    m_Extent: {x: .0836331397, y: .0120407138, z: .0107897222}
  m_DirtyAABB: 0
--- !u!137 &13700008
SkinnedMeshRenderer:
  m_ObjectHideFlags: 1
  m_PrefabParentObject: {fileID: 0}
  m_PrefabInternal: {fileID: 100100000}
  m_GameObject: {fileID: 100082}
  m_Enabled: 1
  m_CastShadows: 1
  m_ReceiveShadows: 1
  m_LightmapIndex: 255
  m_LightmapTilingOffset: {x: 1, y: 1, z: 0, w: 0}
  m_Materials:
  - {fileID: 2100000, guid: 3172e5a5aaa3e944484322732f81aead, type: 2}
  m_SubsetIndices: 
  m_StaticBatchRoot: {fileID: 0}
  m_UseLightProbes: 0
  m_LightProbeAnchor: {fileID: 0}
  m_ScaleInLightmap: 1
  m_SortingLayer: 0
  m_SortingOrder: 0
  m_SortingLayerID: 0
  serializedVersion: 2
  m_Quality: 0
  m_UpdateWhenOffscreen: 0
  m_Mesh: {fileID: 4300032, guid: 4907a0f7362e1d443845e45d0a5cf40d, type: 3}
  m_Bones:
  - {fileID: 400006}
  m_BlendShapeWeights: []
  m_RootBone: {fileID: 400006}
  m_AABB:
    m_Center: {x: -.0836310908, y: -4.74974513e-08, z: -1.66706741e-07}
    m_Extent: {x: .0836309716, y: .0120323449, z: .0107802758}
  m_DirtyAABB: 0
--- !u!137 &13700010
SkinnedMeshRenderer:
  m_ObjectHideFlags: 1
  m_PrefabParentObject: {fileID: 0}
  m_PrefabInternal: {fileID: 100100000}
  m_GameObject: {fileID: 100084}
  m_Enabled: 1
  m_CastShadows: 1
  m_ReceiveShadows: 1
  m_LightmapIndex: 255
  m_LightmapTilingOffset: {x: 1, y: 1, z: 0, w: 0}
  m_Materials:
  - {fileID: 2100000, guid: 3172e5a5aaa3e944484322732f81aead, type: 2}
  m_SubsetIndices: 
  m_StaticBatchRoot: {fileID: 0}
  m_UseLightProbes: 0
  m_LightProbeAnchor: {fileID: 0}
  m_ScaleInLightmap: 1
  m_SortingLayer: 0
  m_SortingOrder: 0
  m_SortingLayerID: 0
  serializedVersion: 2
  m_Quality: 0
  m_UpdateWhenOffscreen: 0
  m_Mesh: {fileID: 4300034, guid: 4907a0f7362e1d443845e45d0a5cf40d, type: 3}
  m_Bones:
  - {fileID: 400008}
  m_BlendShapeWeights: []
  m_RootBone: {fileID: 400008}
  m_AABB:
    m_Center: {x: -.0836308897, y: -7.72997737e-08, z: -1.49011612e-08}
    m_Extent: {x: .0836309046, y: .0120323896, z: .0107802572}
  m_DirtyAABB: 0
--- !u!137 &13700012
SkinnedMeshRenderer:
  m_ObjectHideFlags: 1
  m_PrefabParentObject: {fileID: 0}
  m_PrefabInternal: {fileID: 100100000}
  m_GameObject: {fileID: 100086}
  m_Enabled: 1
  m_CastShadows: 1
  m_ReceiveShadows: 1
  m_LightmapIndex: 255
  m_LightmapTilingOffset: {x: 1, y: 1, z: 0, w: 0}
  m_Materials:
  - {fileID: 2100000, guid: 3172e5a5aaa3e944484322732f81aead, type: 2}
  m_SubsetIndices: 
  m_StaticBatchRoot: {fileID: 0}
  m_UseLightProbes: 0
  m_LightProbeAnchor: {fileID: 0}
  m_ScaleInLightmap: 1
  m_SortingLayer: 0
  m_SortingOrder: 0
  m_SortingLayerID: 0
  serializedVersion: 2
  m_Quality: 0
  m_UpdateWhenOffscreen: 0
  m_Mesh: {fileID: 4300022, guid: 4907a0f7362e1d443845e45d0a5cf40d, type: 3}
  m_Bones:
  - {fileID: 400010}
  m_BlendShapeWeights: []
  m_RootBone: {fileID: 400010}
  m_AABB:
    m_Center: {x: -.0773989558, y: -5.86733222e-08, z: 6.51925802e-09}
    m_Extent: {x: .0773989707, y: .012032357, z: .0107802497}
  m_DirtyAABB: 0
--- !u!137 &13700014
SkinnedMeshRenderer:
  m_ObjectHideFlags: 1
  m_PrefabParentObject: {fileID: 0}
  m_PrefabInternal: {fileID: 100100000}
  m_GameObject: {fileID: 100088}
  m_Enabled: 1
  m_CastShadows: 1
  m_ReceiveShadows: 1
  m_LightmapIndex: 255
  m_LightmapTilingOffset: {x: 1, y: 1, z: 0, w: 0}
  m_Materials:
  - {fileID: 2100000, guid: 3172e5a5aaa3e944484322732f81aead, type: 2}
  m_SubsetIndices: 
  m_StaticBatchRoot: {fileID: 0}
  m_UseLightProbes: 0
  m_LightProbeAnchor: {fileID: 0}
  m_ScaleInLightmap: 1
  m_SortingLayer: 0
  m_SortingOrder: 0
  m_SortingLayerID: 0
  serializedVersion: 2
  m_Quality: 0
  m_UpdateWhenOffscreen: 0
  m_Mesh: {fileID: 4300020, guid: 4907a0f7362e1d443845e45d0a5cf40d, type: 3}
  m_Bones:
  - {fileID: 400012}
  m_BlendShapeWeights: []
  m_RootBone: {fileID: 400012}
  m_AABB:
    m_Center: {x: -.0836309791, y: 8.66129994e-08, z: -9.31322575e-09}
    m_Extent: {x: .0836309046, y: .012032399, z: .0107802805}
  m_DirtyAABB: 0
--- !u!137 &13700016
SkinnedMeshRenderer:
  m_ObjectHideFlags: 1
  m_PrefabParentObject: {fileID: 0}
  m_PrefabInternal: {fileID: 100100000}
  m_GameObject: {fileID: 100090}
  m_Enabled: 1
  m_CastShadows: 1
  m_ReceiveShadows: 1
  m_LightmapIndex: 255
  m_LightmapTilingOffset: {x: 1, y: 1, z: 0, w: 0}
  m_Materials:
  - {fileID: 2100000, guid: 3172e5a5aaa3e944484322732f81aead, type: 2}
  m_SubsetIndices: 
  m_StaticBatchRoot: {fileID: 0}
  m_UseLightProbes: 0
  m_LightProbeAnchor: {fileID: 0}
  m_ScaleInLightmap: 1
  m_SortingLayer: 0
  m_SortingOrder: 0
  m_SortingLayerID: 0
  serializedVersion: 2
  m_Quality: 0
  m_UpdateWhenOffscreen: 0
  m_Mesh: {fileID: 4300018, guid: 4907a0f7362e1d443845e45d0a5cf40d, type: 3}
  m_Bones:
  - {fileID: 400014}
  m_BlendShapeWeights: []
  m_RootBone: {fileID: 400014}
  m_AABB:
    m_Center: {x: -.0836308226, y: 8.38190317e-09, z: -1.16415322e-07}
    m_Extent: {x: .0836308971, y: .0120326858, z: .0107804444}
  m_DirtyAABB: 0
--- !u!137 &13700018
SkinnedMeshRenderer:
  m_ObjectHideFlags: 1
  m_PrefabParentObject: {fileID: 0}
  m_PrefabInternal: {fileID: 100100000}
  m_GameObject: {fileID: 100092}
  m_Enabled: 1
  m_CastShadows: 1
  m_ReceiveShadows: 1
  m_LightmapIndex: 255
  m_LightmapTilingOffset: {x: 1, y: 1, z: 0, w: 0}
  m_Materials:
  - {fileID: 2100000, guid: 3172e5a5aaa3e944484322732f81aead, type: 2}
  m_SubsetIndices: 
  m_StaticBatchRoot: {fileID: 0}
  m_UseLightProbes: 0
  m_LightProbeAnchor: {fileID: 0}
  m_ScaleInLightmap: 1
  m_SortingLayer: 0
  m_SortingOrder: 0
  m_SortingLayerID: 0
  serializedVersion: 2
  m_Quality: 0
  m_UpdateWhenOffscreen: 0
  m_Mesh: {fileID: 4300042, guid: 4907a0f7362e1d443845e45d0a5cf40d, type: 3}
  m_Bones:
  - {fileID: 400016}
  m_BlendShapeWeights: []
  m_RootBone: {fileID: 400016}
  m_AABB:
    m_Center: {x: -.0836315006, y: -4.04193997e-07, z: 5.80213964e-07}
    m_Extent: {x: .0836309642, y: .0120328879, z: .0107807051}
  m_DirtyAABB: 0
--- !u!137 &13700020
SkinnedMeshRenderer:
  m_ObjectHideFlags: 1
  m_PrefabParentObject: {fileID: 0}
  m_PrefabInternal: {fileID: 100100000}
  m_GameObject: {fileID: 100094}
  m_Enabled: 1
  m_CastShadows: 1
  m_ReceiveShadows: 1
  m_LightmapIndex: 255
  m_LightmapTilingOffset: {x: 1, y: 1, z: 0, w: 0}
  m_Materials:
  - {fileID: 2100000, guid: 3172e5a5aaa3e944484322732f81aead, type: 2}
  m_SubsetIndices: 
  m_StaticBatchRoot: {fileID: 0}
  m_UseLightProbes: 0
  m_LightProbeAnchor: {fileID: 0}
  m_ScaleInLightmap: 1
  m_SortingLayer: 0
  m_SortingOrder: 0
  m_SortingLayerID: 0
  serializedVersion: 2
  m_Quality: 0
  m_UpdateWhenOffscreen: 0
  m_Mesh: {fileID: 4300044, guid: 4907a0f7362e1d443845e45d0a5cf40d, type: 3}
  m_Bones:
  - {fileID: 400018}
  m_BlendShapeWeights: []
  m_RootBone: {fileID: 400018}
  m_AABB:
    m_Center: {x: -.0836309344, y: -6.07222319e-07, z: 4.40515578e-07}
    m_Extent: {x: .0836309046, y: .0120329587, z: .0107804518}
  m_DirtyAABB: 0
--- !u!137 &13700022
SkinnedMeshRenderer:
  m_ObjectHideFlags: 1
  m_PrefabParentObject: {fileID: 0}
  m_PrefabInternal: {fileID: 100100000}
  m_GameObject: {fileID: 100096}
  m_Enabled: 1
  m_CastShadows: 1
  m_ReceiveShadows: 1
  m_LightmapIndex: 255
  m_LightmapTilingOffset: {x: 1, y: 1, z: 0, w: 0}
  m_Materials:
  - {fileID: 2100000, guid: 3172e5a5aaa3e944484322732f81aead, type: 2}
  m_SubsetIndices: 
  m_StaticBatchRoot: {fileID: 0}
  m_UseLightProbes: 0
  m_LightProbeAnchor: {fileID: 0}
  m_ScaleInLightmap: 1
  m_SortingLayer: 0
  m_SortingOrder: 0
  m_SortingLayerID: 0
  serializedVersion: 2
  m_Quality: 0
  m_UpdateWhenOffscreen: 0
  m_Mesh: {fileID: 4300046, guid: 4907a0f7362e1d443845e45d0a5cf40d, type: 3}
  m_Bones:
  - {fileID: 400020}
  m_BlendShapeWeights: []
  m_RootBone: {fileID: 400020}
  m_AABB:
    m_Center: {x: -.0836235732, y: -8.71624798e-06, z: .00110693742}
    m_Extent: {x: .0837674588, y: .0122052981, z: .0120698968}
  m_DirtyAABB: 0
--- !u!137 &13700024
SkinnedMeshRenderer:
  m_ObjectHideFlags: 1
  m_PrefabParentObject: {fileID: 0}
  m_PrefabInternal: {fileID: 100100000}
  m_GameObject: {fileID: 100098}
  m_Enabled: 1
  m_CastShadows: 1
  m_ReceiveShadows: 1
  m_LightmapIndex: 255
  m_LightmapTilingOffset: {x: 1, y: 1, z: 0, w: 0}
  m_Materials:
  - {fileID: 2100000, guid: 3172e5a5aaa3e944484322732f81aead, type: 2}
  m_SubsetIndices: 
  m_StaticBatchRoot: {fileID: 0}
  m_UseLightProbes: 0
  m_LightProbeAnchor: {fileID: 0}
  m_ScaleInLightmap: 1
  m_SortingLayer: 0
  m_SortingOrder: 0
  m_SortingLayerID: 0
  serializedVersion: 2
  m_Quality: 0
  m_UpdateWhenOffscreen: 0
  m_Mesh: {fileID: 4300058, guid: 4907a0f7362e1d443845e45d0a5cf40d, type: 3}
  m_Bones:
  - {fileID: 400022}
  m_BlendShapeWeights: []
  m_RootBone: {fileID: 400022}
  m_AABB:
    m_Center: {x: -.0836309046, y: 4.56348062e-08, z: 7.4505806e-09}
    m_Extent: {x: .0836309046, y: .0120323841, z: .010780259}
  m_DirtyAABB: 0
--- !u!137 &13700026
SkinnedMeshRenderer:
  m_ObjectHideFlags: 1
  m_PrefabParentObject: {fileID: 0}
  m_PrefabInternal: {fileID: 100100000}
  m_GameObject: {fileID: 100100}
  m_Enabled: 1
  m_CastShadows: 1
  m_ReceiveShadows: 1
  m_LightmapIndex: 255
  m_LightmapTilingOffset: {x: 1, y: 1, z: 0, w: 0}
  m_Materials:
  - {fileID: 2100000, guid: 3172e5a5aaa3e944484322732f81aead, type: 2}
  m_SubsetIndices: 
  m_StaticBatchRoot: {fileID: 0}
  m_UseLightProbes: 0
  m_LightProbeAnchor: {fileID: 0}
  m_ScaleInLightmap: 1
  m_SortingLayer: 0
  m_SortingOrder: 0
  m_SortingLayerID: 0
  serializedVersion: 2
  m_Quality: 0
  m_UpdateWhenOffscreen: 0
  m_Mesh: {fileID: 4300056, guid: 4907a0f7362e1d443845e45d0a5cf40d, type: 3}
  m_Bones:
  - {fileID: 400024}
  m_BlendShapeWeights: []
  m_RootBone: {fileID: 400024}
  m_AABB:
    m_Center: {x: -.0836309791, y: 2.84053385e-07, z: -6.98491931e-08}
    m_Extent: {x: .0836310238, y: .0120325815, z: .0107803391}
  m_DirtyAABB: 0
--- !u!137 &13700028
SkinnedMeshRenderer:
  m_ObjectHideFlags: 1
  m_PrefabParentObject: {fileID: 0}
  m_PrefabInternal: {fileID: 100100000}
  m_GameObject: {fileID: 100102}
  m_Enabled: 1
  m_CastShadows: 1
  m_ReceiveShadows: 1
  m_LightmapIndex: 255
  m_LightmapTilingOffset: {x: 1, y: 1, z: 0, w: 0}
  m_Materials:
  - {fileID: 2100000, guid: 3172e5a5aaa3e944484322732f81aead, type: 2}
  m_SubsetIndices: 
  m_StaticBatchRoot: {fileID: 0}
  m_UseLightProbes: 0
  m_LightProbeAnchor: {fileID: 0}
  m_ScaleInLightmap: 1
  m_SortingLayer: 0
  m_SortingOrder: 0
  m_SortingLayerID: 0
  serializedVersion: 2
  m_Quality: 0
  m_UpdateWhenOffscreen: 0
  m_Mesh: {fileID: 4300054, guid: 4907a0f7362e1d443845e45d0a5cf40d, type: 3}
  m_Bones:
  - {fileID: 400026}
  m_BlendShapeWeights: []
  m_RootBone: {fileID: 400026}
  m_AABB:
    m_Center: {x: -.0647945851, y: 1.81607902e-07, z: -1.53668225e-07}
    m_Extent: {x: .0647947639, y: .0120326765, z: .0107805151}
  m_DirtyAABB: 0
--- !u!137 &13700030
SkinnedMeshRenderer:
  m_ObjectHideFlags: 1
  m_PrefabParentObject: {fileID: 0}
  m_PrefabInternal: {fileID: 100100000}
  m_GameObject: {fileID: 100104}
  m_Enabled: 1
  m_CastShadows: 1
  m_ReceiveShadows: 1
  m_LightmapIndex: 255
  m_LightmapTilingOffset: {x: 1, y: 1, z: 0, w: 0}
  m_Materials:
  - {fileID: 2100000, guid: 3172e5a5aaa3e944484322732f81aead, type: 2}
  m_SubsetIndices: 
  m_StaticBatchRoot: {fileID: 0}
  m_UseLightProbes: 0
  m_LightProbeAnchor: {fileID: 0}
  m_ScaleInLightmap: 1
  m_SortingLayer: 0
  m_SortingOrder: 0
  m_SortingLayerID: 0
  serializedVersion: 2
  m_Quality: 0
  m_UpdateWhenOffscreen: 0
  m_Mesh: {fileID: 4300038, guid: 4907a0f7362e1d443845e45d0a5cf40d, type: 3}
  m_Bones:
  - {fileID: 400028}
  m_BlendShapeWeights: []
  m_RootBone: {fileID: 400028}
  m_AABB:
    m_Center: {x: -.0836309567, y: -6.40749931e-07, z: -3.49245965e-07}
    m_Extent: {x: .0836309567, y: .0120329643, z: .0107804453}
  m_DirtyAABB: 0
--- !u!137 &13700032
SkinnedMeshRenderer:
  m_ObjectHideFlags: 1
  m_PrefabParentObject: {fileID: 0}
  m_PrefabInternal: {fileID: 100100000}
  m_GameObject: {fileID: 100106}
  m_Enabled: 1
  m_CastShadows: 1
  m_ReceiveShadows: 1
  m_LightmapIndex: 255
  m_LightmapTilingOffset: {x: 1, y: 1, z: 0, w: 0}
  m_Materials:
  - {fileID: 2100000, guid: 3172e5a5aaa3e944484322732f81aead, type: 2}
  m_SubsetIndices: 
  m_StaticBatchRoot: {fileID: 0}
  m_UseLightProbes: 0
  m_LightProbeAnchor: {fileID: 0}
  m_ScaleInLightmap: 1
  m_SortingLayer: 0
  m_SortingOrder: 0
  m_SortingLayerID: 0
  serializedVersion: 2
  m_Quality: 0
  m_UpdateWhenOffscreen: 0
  m_Mesh: {fileID: 4300026, guid: 4907a0f7362e1d443845e45d0a5cf40d, type: 3}
  m_Bones:
  - {fileID: 400030}
  m_BlendShapeWeights: []
  m_RootBone: {fileID: 400030}
  m_AABB:
    m_Center: {x: -.0836310163, y: -5.68106771e-08, z: 7.82310963e-08}
    m_Extent: {x: .0836309418, y: .0120323608, z: .01078026}
  m_DirtyAABB: 0
--- !u!137 &13700034
SkinnedMeshRenderer:
  m_ObjectHideFlags: 1
  m_PrefabParentObject: {fileID: 0}
  m_PrefabInternal: {fileID: 100100000}
  m_GameObject: {fileID: 100108}
  m_Enabled: 1
  m_CastShadows: 1
  m_ReceiveShadows: 1
  m_LightmapIndex: 255
  m_LightmapTilingOffset: {x: 1, y: 1, z: 0, w: 0}
  m_Materials:
  - {fileID: 2100000, guid: 3172e5a5aaa3e944484322732f81aead, type: 2}
  m_SubsetIndices: 
  m_StaticBatchRoot: {fileID: 0}
  m_UseLightProbes: 0
  m_LightProbeAnchor: {fileID: 0}
  m_ScaleInLightmap: 1
  m_SortingLayer: 0
  m_SortingOrder: 0
  m_SortingLayerID: 0
  serializedVersion: 2
  m_Quality: 0
  m_UpdateWhenOffscreen: 0
  m_Mesh: {fileID: 4300014, guid: 4907a0f7362e1d443845e45d0a5cf40d, type: 3}
  m_Bones:
  - {fileID: 400032}
  m_BlendShapeWeights: []
  m_RootBone: {fileID: 400032}
  m_AABB:
    m_Center: {x: -.0836309791, y: -9.49949026e-08, z: 5.58793545e-08}
    m_Extent: {x: .0836309791, y: .0120324204, z: .0107803373}
  m_DirtyAABB: 0
--- !u!137 &13700036
SkinnedMeshRenderer:
  m_ObjectHideFlags: 1
  m_PrefabParentObject: {fileID: 0}
  m_PrefabInternal: {fileID: 100100000}
  m_GameObject: {fileID: 100110}
  m_Enabled: 1
  m_CastShadows: 1
  m_ReceiveShadows: 1
  m_LightmapIndex: 255
  m_LightmapTilingOffset: {x: 1, y: 1, z: 0, w: 0}
  m_Materials:
  - {fileID: 2100000, guid: 3172e5a5aaa3e944484322732f81aead, type: 2}
  m_SubsetIndices: 
  m_StaticBatchRoot: {fileID: 0}
  m_UseLightProbes: 0
  m_LightProbeAnchor: {fileID: 0}
  m_ScaleInLightmap: 1
  m_SortingLayer: 0
  m_SortingOrder: 0
  m_SortingLayerID: 0
  serializedVersion: 2
  m_Quality: 0
  m_UpdateWhenOffscreen: 0
  m_Mesh: {fileID: 4300012, guid: 4907a0f7362e1d443845e45d0a5cf40d, type: 3}
  m_Bones:
  - {fileID: 400034}
  m_BlendShapeWeights: []
  m_RootBone: {fileID: 400034}
  m_AABB:
    m_Center: {x: -.0836311728, y: -1.44354999e-07, z: 1.94646418e-07}
    m_Extent: {x: .083630994, y: .0120326374, z: .0107804397}
  m_DirtyAABB: 0
--- !u!137 &13700038
SkinnedMeshRenderer:
  m_ObjectHideFlags: 1
  m_PrefabParentObject: {fileID: 0}
  m_PrefabInternal: {fileID: 100100000}
  m_GameObject: {fileID: 100112}
  m_Enabled: 1
  m_CastShadows: 1
  m_ReceiveShadows: 1
  m_LightmapIndex: 255
  m_LightmapTilingOffset: {x: 1, y: 1, z: 0, w: 0}
  m_Materials:
  - {fileID: 2100000, guid: 3172e5a5aaa3e944484322732f81aead, type: 2}
  m_SubsetIndices: 
  m_StaticBatchRoot: {fileID: 0}
  m_UseLightProbes: 0
  m_LightProbeAnchor: {fileID: 0}
  m_ScaleInLightmap: 1
  m_SortingLayer: 0
  m_SortingOrder: 0
  m_SortingLayerID: 0
  serializedVersion: 2
  m_Quality: 0
  m_UpdateWhenOffscreen: 0
  m_Mesh: {fileID: 4300024, guid: 4907a0f7362e1d443845e45d0a5cf40d, type: 3}
  m_Bones:
  - {fileID: 400036}
  m_BlendShapeWeights: []
  m_RootBone: {fileID: 400036}
  m_AABB:
    m_Center: {x: -.0836309865, y: 6.53136522e-06, z: -7.16652721e-06}
    m_Extent: {x: .0836326405, y: .0120387143, z: .0107875289}
  m_DirtyAABB: 0
--- !u!137 &13700040
SkinnedMeshRenderer:
  m_ObjectHideFlags: 1
  m_PrefabParentObject: {fileID: 0}
  m_PrefabInternal: {fileID: 100100000}
  m_GameObject: {fileID: 100114}
  m_Enabled: 1
  m_CastShadows: 1
  m_ReceiveShadows: 1
  m_LightmapIndex: 255
  m_LightmapTilingOffset: {x: 1, y: 1, z: 0, w: 0}
  m_Materials:
  - {fileID: 2100000, guid: 3172e5a5aaa3e944484322732f81aead, type: 2}
  m_SubsetIndices: 
  m_StaticBatchRoot: {fileID: 0}
  m_UseLightProbes: 0
  m_LightProbeAnchor: {fileID: 0}
  m_ScaleInLightmap: 1
  m_SortingLayer: 0
  m_SortingOrder: 0
  m_SortingLayerID: 0
  serializedVersion: 2
  m_Quality: 0
  m_UpdateWhenOffscreen: 0
  m_Mesh: {fileID: 4300036, guid: 4907a0f7362e1d443845e45d0a5cf40d, type: 3}
  m_Bones:
  - {fileID: 400038}
  m_BlendShapeWeights: []
  m_RootBone: {fileID: 400038}
  m_AABB:
    m_Center: {x: -.0836315602, y: -3.70666385e-07, z: -5.52274287e-07}
    m_Extent: {x: .0836309791, y: .0120328907, z: .0107806269}
  m_DirtyAABB: 0
--- !u!137 &13700042
SkinnedMeshRenderer:
  m_ObjectHideFlags: 1
  m_PrefabParentObject: {fileID: 0}
  m_PrefabInternal: {fileID: 100100000}
  m_GameObject: {fileID: 100116}
  m_Enabled: 1
  m_CastShadows: 1
  m_ReceiveShadows: 1
  m_LightmapIndex: 255
  m_LightmapTilingOffset: {x: 1, y: 1, z: 0, w: 0}
  m_Materials:
  - {fileID: 2100000, guid: 3172e5a5aaa3e944484322732f81aead, type: 2}
  m_SubsetIndices: 
  m_StaticBatchRoot: {fileID: 0}
  m_UseLightProbes: 0
  m_LightProbeAnchor: {fileID: 0}
  m_ScaleInLightmap: 1
  m_SortingLayer: 0
  m_SortingOrder: 0
  m_SortingLayerID: 0
  serializedVersion: 2
  m_Quality: 0
  m_UpdateWhenOffscreen: 0
  m_Mesh: {fileID: 4300028, guid: 4907a0f7362e1d443845e45d0a5cf40d, type: 3}
  m_Bones:
  - {fileID: 400040}
  m_BlendShapeWeights: []
  m_RootBone: {fileID: 400040}
  m_AABB:
    m_Center: {x: -.0836308897, y: -4.09781933e-08, z: -4.00468707e-08}
    m_Extent: {x: .0836308897, y: .0120323505, z: .0107802637}
  m_DirtyAABB: 0
--- !u!137 &13700044
SkinnedMeshRenderer:
  m_ObjectHideFlags: 1
  m_PrefabParentObject: {fileID: 0}
  m_PrefabInternal: {fileID: 100100000}
  m_GameObject: {fileID: 100118}
  m_Enabled: 1
  m_CastShadows: 1
  m_ReceiveShadows: 1
  m_LightmapIndex: 255
  m_LightmapTilingOffset: {x: 1, y: 1, z: 0, w: 0}
  m_Materials:
  - {fileID: 2100000, guid: 3172e5a5aaa3e944484322732f81aead, type: 2}
  m_SubsetIndices: 
  m_StaticBatchRoot: {fileID: 0}
  m_UseLightProbes: 0
  m_LightProbeAnchor: {fileID: 0}
  m_ScaleInLightmap: 1
  m_SortingLayer: 0
  m_SortingOrder: 0
  m_SortingLayerID: 0
  serializedVersion: 2
  m_Quality: 0
  m_UpdateWhenOffscreen: 0
  m_Mesh: {fileID: 4300040, guid: 4907a0f7362e1d443845e45d0a5cf40d, type: 3}
  m_Bones:
  - {fileID: 400042}
  m_BlendShapeWeights: []
  m_RootBone: {fileID: 400042}
  m_AABB:
    m_Center: {x: -.0836309344, y: -1.29453838e-07, z: -9.31322575e-09}
    m_Extent: {x: .0836309344, y: .0120324492, z: .0107802581}
  m_DirtyAABB: 0
--- !u!137 &13700046
SkinnedMeshRenderer:
  m_ObjectHideFlags: 1
  m_PrefabParentObject: {fileID: 0}
  m_PrefabInternal: {fileID: 100100000}
  m_GameObject: {fileID: 100120}
  m_Enabled: 1
  m_CastShadows: 1
  m_ReceiveShadows: 1
  m_LightmapIndex: 255
  m_LightmapTilingOffset: {x: 1, y: 1, z: 0, w: 0}
  m_Materials:
  - {fileID: 2100000, guid: 3172e5a5aaa3e944484322732f81aead, type: 2}
  m_SubsetIndices: 
  m_StaticBatchRoot: {fileID: 0}
  m_UseLightProbes: 0
  m_LightProbeAnchor: {fileID: 0}
  m_ScaleInLightmap: 1
  m_SortingLayer: 0
  m_SortingOrder: 0
  m_SortingLayerID: 0
  serializedVersion: 2
  m_Quality: 0
  m_UpdateWhenOffscreen: 0
  m_Mesh: {fileID: 4300052, guid: 4907a0f7362e1d443845e45d0a5cf40d, type: 3}
  m_Bones:
  - {fileID: 400044}
  m_BlendShapeWeights: []
  m_RootBone: {fileID: 400044}
  m_AABB:
    m_Center: {x: -.0836309046, y: -2.98023224e-08, z: 3.16649675e-08}
    m_Extent: {x: .0836309046, y: .0120323608, z: .0107802721}
  m_DirtyAABB: 0
--- !u!137 &13700048
SkinnedMeshRenderer:
  m_ObjectHideFlags: 1
  m_PrefabParentObject: {fileID: 0}
  m_PrefabInternal: {fileID: 100100000}
  m_GameObject: {fileID: 100122}
  m_Enabled: 1
  m_CastShadows: 1
  m_ReceiveShadows: 1
  m_LightmapIndex: 255
  m_LightmapTilingOffset: {x: 1, y: 1, z: 0, w: 0}
  m_Materials:
  - {fileID: 2100000, guid: 3172e5a5aaa3e944484322732f81aead, type: 2}
  m_SubsetIndices: 
  m_StaticBatchRoot: {fileID: 0}
  m_UseLightProbes: 0
  m_LightProbeAnchor: {fileID: 0}
  m_ScaleInLightmap: 1
  m_SortingLayer: 0
  m_SortingOrder: 0
  m_SortingLayerID: 0
  serializedVersion: 2
  m_Quality: 0
  m_UpdateWhenOffscreen: 0
  m_Mesh: {fileID: 4300048, guid: 4907a0f7362e1d443845e45d0a5cf40d, type: 3}
  m_Bones:
  - {fileID: 400046}
  m_BlendShapeWeights: []
  m_RootBone: {fileID: 400046}
  m_AABB:
    m_Center: {x: -.0647947118, y: 6.42612576e-08, z: 2.56113708e-07}
    m_Extent: {x: .0647947565, y: .012032412, z: .0107804779}
  m_DirtyAABB: 0
--- !u!137 &13700050
SkinnedMeshRenderer:
  m_ObjectHideFlags: 1
  m_PrefabParentObject: {fileID: 0}
  m_PrefabInternal: {fileID: 100100000}
  m_GameObject: {fileID: 100124}
  m_Enabled: 1
  m_CastShadows: 1
  m_ReceiveShadows: 1
  m_LightmapIndex: 255
  m_LightmapTilingOffset: {x: 1, y: 1, z: 0, w: 0}
  m_Materials:
  - {fileID: 2100000, guid: 3172e5a5aaa3e944484322732f81aead, type: 2}
  m_SubsetIndices: 
  m_StaticBatchRoot: {fileID: 0}
  m_UseLightProbes: 0
  m_LightProbeAnchor: {fileID: 0}
  m_ScaleInLightmap: 1
  m_SortingLayer: 0
  m_SortingOrder: 0
  m_SortingLayerID: 0
  serializedVersion: 2
  m_Quality: 0
  m_UpdateWhenOffscreen: 0
  m_Mesh: {fileID: 4300050, guid: 4907a0f7362e1d443845e45d0a5cf40d, type: 3}
  m_Bones:
  - {fileID: 400048}
  m_BlendShapeWeights: []
  m_RootBone: {fileID: 400048}
  m_AABB:
    m_Center: {x: -.0836309046, y: 5.21540642e-08, z: 1.5180558e-07}
    m_Extent: {x: .0836308897, y: .0120323729, z: .0107804025}
  m_DirtyAABB: 0
--- !u!137 &13700052
SkinnedMeshRenderer:
  m_ObjectHideFlags: 1
  m_PrefabParentObject: {fileID: 0}
  m_PrefabInternal: {fileID: 100100000}
  m_GameObject: {fileID: 100126}
  m_Enabled: 1
  m_CastShadows: 1
  m_ReceiveShadows: 1
  m_LightmapIndex: 255
  m_LightmapTilingOffset: {x: 1, y: 1, z: 0, w: 0}
  m_Materials:
  - {fileID: 2100000, guid: 3172e5a5aaa3e944484322732f81aead, type: 2}
  m_SubsetIndices: 
  m_StaticBatchRoot: {fileID: 0}
  m_UseLightProbes: 0
  m_LightProbeAnchor: {fileID: 0}
  m_ScaleInLightmap: 1
  m_SortingLayer: 0
  m_SortingOrder: 0
  m_SortingLayerID: 0
  serializedVersion: 2
  m_Quality: 0
  m_UpdateWhenOffscreen: 0
  m_Mesh: {fileID: 4300016, guid: 4907a0f7362e1d443845e45d0a5cf40d, type: 3}
  m_Bones:
  - {fileID: 400050}
  m_BlendShapeWeights: []
  m_RootBone: {fileID: 400050}
  m_AABB:
    m_Center: {x: -.0773989409, y: -2.79396772e-09, z: 9.31322575e-09}
    m_Extent: {x: .0773989409, y: .0120323496, z: .010780287}
  m_DirtyAABB: 0
--- !u!137 &13700054
SkinnedMeshRenderer:
  m_ObjectHideFlags: 1
  m_PrefabParentObject: {fileID: 0}
  m_PrefabInternal: {fileID: 100100000}
  m_GameObject: {fileID: 100128}
  m_Enabled: 1
  m_CastShadows: 1
  m_ReceiveShadows: 1
  m_LightmapIndex: 255
  m_LightmapTilingOffset: {x: 1, y: 1, z: 0, w: 0}
  m_Materials:
  - {fileID: 2100000, guid: 3172e5a5aaa3e944484322732f81aead, type: 2}
  m_SubsetIndices: 
  m_StaticBatchRoot: {fileID: 0}
  m_UseLightProbes: 0
  m_LightProbeAnchor: {fileID: 0}
  m_ScaleInLightmap: 1
  m_SortingLayer: 0
  m_SortingOrder: 0
  m_SortingLayerID: 0
  serializedVersion: 2
  m_Quality: 0
  m_UpdateWhenOffscreen: 0
  m_Mesh: {fileID: 4300002, guid: 4907a0f7362e1d443845e45d0a5cf40d, type: 3}
  m_Bones:
  - {fileID: 400052}
  m_BlendShapeWeights: []
  m_RootBone: {fileID: 400052}
  m_AABB:
    m_Center: {x: -.104360759, y: .000896707177, z: 0}
    m_Extent: {x: .106739163, y: .0661179796, z: .068729654}
  m_DirtyAABB: 0
--- !u!195 &19500000
NavMeshAgent:
  m_ObjectHideFlags: 1
  m_PrefabParentObject: {fileID: 0}
  m_PrefabInternal: {fileID: 100100000}
  m_GameObject: {fileID: 100130}
  m_Enabled: 1
  m_Radius: .5
  m_Speed: 2
  m_Acceleration: 4
  avoidancePriority: 50
  m_AngularSpeed: 120
  m_StoppingDistance: 0
  m_AutoTraverseOffMeshLink: 1
  m_AutoBraking: 1
  m_AutoRepath: 1
  m_Height: .219999999
  m_BaseOffset: 0
  m_WalkableMask: 4294967295
  m_ObstacleAvoidanceType: 4
--- !u!1001 &100100000
Prefab:
  m_ObjectHideFlags: 1
  serializedVersion: 2
  m_Modification:
    m_TransformParent: {fileID: 0}
    m_Modifications: []
    m_RemovedComponents: []
  m_ParentPrefab: {fileID: 0}
  m_RootGameObject: {fileID: 100130}
  m_IsPrefabParent: 1
  m_IsExploded: 1
